2278 3397
1082 342 702 85 taginenses duce .s. existente cum populo romão

1087 415 700 64 hanibale. Nam neqz hoc ad magnitudinem hꝰ

1088 458 697 60 belli probationes adducit. quarum pͥma sumit᷑

1085 507 702 62 ex potestate ciuitatum pugnantium unde dicit

1085 551 702 62 Nam neqz ulle ciuitates gentesqz ualidiores opi

1087 600 683 60 bz .i. potentiores umꝙͣ contulerũt inter se arma

1088 639 691 66 neqz umꝙͣ tantum uiriumqz neqz in pͥmo ne

1083 692 708 62 qz in tercio. fuit his ip̃is .s. ciuitatibz. Et ideo hoc

1087 732 692 64 bellum scdm̃ fuit maximum. Secunda pro

1085 785 694 54 batio sumitur ex exꝑientia artis bellice. Et ꝙͣ ͫ

1085 830 692 53 ad hoc dicit. et haud .i. non conserebant inter

1083 868 696 68 se artes belli ignotas. sz expertas. pͥmo bello pu

1083 922 677 57 nico .i. gesto. ꝙͣ penos .i. cartaginenses. Et ideo

1072 964 698 60 fuit bellum maius et durius. Tertia proba

1081 1009 698 53 cio sũitur ex dubitatione uictorie. unde ꝙͣtum

1079 1053 695 54 ad hoc dicit. Et mars .i. deus belli adeo anceps.

1079 1092 696 62 i. dubius fuit .s. cui daret uictoriam ut uaria for

1075 1139 699 57 tuna belli .s. existente ꝓprius fuerint periculo

1081 1185 691 54 qui uicerunt .s. romani sic augustinꝰ de ciuita

1077 1230 683 53 te dei libro tertio c xix. similior uicto fuit qui

1083 1277 681 61 uicerit. Quarta probatio sumitur ex magͥ

1077 1319 689 58 tudine mociu ad bellandum cuius est ira

1077 1364 680 57 et odium. Et qͣntum ad hoc dicit certarunt

1077 1402 697 62 eciam ꝓpe maioribz odiis ꝙͣ uiribz. Et hoc in

1077 1453 685 53 dignantibz romanis quod uicti .s. cartha

1077 1500 698 58 ginenses in p ͦ bello. ultro .i. sponte inferrent

1075 1539 710 63 certamina uictoribz .s. romanis. penis .i. car

1072 1583 698 64 thaginensibz .s. indignantibz quod crederẽt

1077 1632 691 60 i reputarent imperatum ẽẽ .i. dñatũ a ro

1073 1679 682 62 manis uictis .i. carthaginensibz superbe

1085 1721 275 60 et auare.

1289 1758 486 65 Fama. Et post prologum. hic

1292 1804 461 64 ponitur tractatus de 2 ͦ bello

1287 1847 485 62 punico. et primo describit hꝰ

1075 1900 699 57 belli ducem hanibalem. 2 ͦ belli initi origi

1075 1943 702 65 nem ibi ceterum ex quo. Tercio belli gerendi

1072 1985 690 62 susceptionem ibi nominate. Circa pͥmũ

1068 2034 713 62 tria facit. quia pͥmo docz, quõ hanibal iura

1066 2075 700 66 tus est ut host ͥ eẽt romanorum per pr̃em

1066 2125 698 66 2 ͦ quomodo fedus inter romanos et cartha

1066 2175 681 59 ginenses renouatum est per ducem has

1070 2223 696 54 drubalem ibi. medius. Tercio quomodo ha

1075 2262 704 66 nibal electus est in ducem. ibi. in hasdruba

1075 2313 674 59 lis. Circa pͥmum tria facit. quia pͥmo

1077 2351 680 60 docz quomodo per pr̃em hanibal iurauit

1073 2396 704 61 se hostem futurum romanis. dicens. fama

1073 2443 704 57 etiam est hanibalem. nouem ferme ãnoꝝ

1072 2487 683 58 pueriłr blandientem .i. puerili blandicia

1072 2530 690 66 suadentem pr̃i amulcari. sic uocatus est

1072 2572 692 66 pater hanibalis ut duceretur ĩ hyspaniã

1072 2621 688 53 cum sacrificaret .s. pater traiecturus .i.

1068 2659 702 118 translaturus excercitum eo .i. ĩ hyspaniã

536 1224 369 57 In parte. scripturus. titꝰ

513 1270 370 54 liuius de bello punico

515 1307 373 66 prologum quemdam p̾

509 1356 374 65 mittit. in quo auditorẽ

515 1405 383 63 attentum reddit. promit

496 1447 396 60 tens se scripturum de ma

190 1492 698 59 ximo bello et memorabili ultra omnia bella

190 1536 700 62 que umꝙͣ fuerunt. pͥmo autem hec p̾mictit

188 1577 704 64 2ͦ ad hec probationes inducit .ibi. nam neqz

192 1624 702 63 Quantum ad pͥmum dicit. licet mͥ .i. licitum

192 1664 713 64 ẽ michi prefari .i. predicere in parte operis mei

196 1715 674 55 dicitur enĩ de gestis romanorum scripsisse.

192 1753 683 66 triginta decades .i. xxx. uolumina quorũ qd̃lt

192 1796 696 66 decem libros continet quorumm unum iam ex

192 1841 695 68 posuimꝰ ab urbe condita usqz ad iiiiͨ lix an

194 1894 694 61 num. a quo anno usqz ad secundum bellum

192 1940 683 56 punicum fluxerunt anni. circiter lxxiiii.

190 1977 712 70 Quia secundum orosium libro iiii ͦ hanibal

190 2030 702 59 saguntinum cepit anno ab urbe condita.u ͨ

192 2072 691 64 xxxiiii cuius occasione motum est bellũ pu

194 2123 696 66 nicum. quot uolumina de hiis scripserit titꝰ

192 2172 706 58 quot etiam de annis qui post secundũ bellum

188 2219 708 62 punicum ad etatem suam fluxerunt ĩcertum

190 2262 698 63 mͥ est. Sz inter alia hoc uolumen decem libroꝝ

190 2308 674 62 computatur. quod hic uocat partem operis

190 2345 702 63 sui. ¶ In cuius pͥncipio. licet iꝙͣ michi

190 2396 708 57 prefari quod pleribz scriptores rerum ꝓfessi st̃

190 2438 685 62 in principio tocius summe .i. tocius operis de

188 2474 683 73 gest ͥ ab urbe condita usqz ad tempora ista.

190 2525 672 64 Quid autem sit illud. quod licet sͥ prefari

188 2574 683 60 exprimens dicit. Scipturum me bellum

190 2610 674 67 maxime memorabile om̃u .s. bellorũ. que

188 2653 702 79 umꝙͣ gesta sunt. quod .s. bellum gessere. car

275 2715 40 59 ss.

390 2721 64 62 ⁊ de

841 3038 27 149 d
