2240 3397
494 369 705 70 profecto affrico .i. punico bello .s. pͥmo admo

496 407 707 68 tum .s. hanibalem altaribz ubi sacrificauit

502 454 687 72 pater ad actum iuriurando .i. coactum ẽẽ

502 505 693 61 iurare se fore hostem. populo romano cum

502 543 704 74 pͥmum possz . ¶ Secundo cum dicit an

498 590 705 66 gebant. docz cur pater sic fecit iurare filium

502 645 697 66 dicens. sicilia sardiniaqz amisse angebant

500 692 714 61 i. anxiabant et prouocabant .s. contra roma

504 730 697 66 nos. uirum .s. amulcarem prẽm hanibał

506 771 700 66 ingentis spũs .i. magni ãi. Quomodo aũt

506 822 683 68 iste insule amisse fuerint tangit dicens

506 873 683 57 nam et siciliam concessam .s. ẽẽ constat ro

508 915 683 60 manis nimis sceleri .i. pp̃ nimis scelerem

508 953 691 69 desperatiõem rerum. Et sardiniam fraude

506 1002 680 66 romanorum interceptam inter motum

506 1043 681 64 s. bellicum .s. affrice. eciam super impoĩto

509 1092 684 66 s. carthaginensibz stipendio .s. ut soluerẽt

506 1137 700 61 tria milia talentorum argenti puri. per

508 1177 687 64 uinginiti annos. ut dicit orosius li ͦ iiii ͭ ͦ

508 1221 696 67 His curis anxius .s. amulcar p̃r hanibał

508 1271 687 63 se ita gessit per quĩqz annos affrico .i. in

508 1317 689 58 affrico bello quod fuit pͥmum subsequẽte

509 1356 695 63 romana pace. post em̃ pͥmum bellum pu

509 1402 692 62 nicum secutus est annus unus tante pa

509 1443 686 66 ces ut nusꝙͣ bellum ẽẽt. unde eciã porta

509 1494 699 59 templi. iam clausa est ꝙ sub numa pom

508 1532 689 68 pilio contigerat et nũꝙͣ post usqz ad hũc

513 1577 703 62 annum. Ita deinde nouem annis .s. se ges

509 1628 688 61 sit amulcar augendo imperio punico .i.

513 1672 691 58 ad augendum et dilatandum imperium

515 1719 686 58 carthagnensium in hyspania. ut apparet

513 1762 690 49 eum .s. amulcarem agitare in aĩo maius

513 1794 688 68 bellum .s. contra romanos ꝙͣ illud erat qd̃

513 1845 703 64 gereret .s. tunc. Ista ergo anxietas et ira ãi

513 1894 690 57 contra romanos mouit eum ut faceret fi

511 1940 693 62 lium suum predicto modo iurare. et appare

513 1979 690 68 bat etiam ex gesta amulcaris. poenos arma

511 2030 705 61 ytalie intulerunt ductu hanibalis iniectu

513 2070 705 62 ros fuisse arma ytalie duce .s. exñte amul

517 2121 701 62 care si diutiius uixissz . ¶ Tertio cũ dicit

515 2166 706 70 mors. docz quid hoc bellum distulit. dicens

519 2215 695 60 mors amulcaris ꝑoportuna et pu̾itia hã

513 2260 688 61 nibalis qui nondum aptus erat ad mili

515 2302 672 58 tiam distulerunt bellum .s. cum rõnis

525 2340 670 62 ¶Medius. Hic docz quõ fedus inter

519 2387 684 62 romanos et carthaginenses renouatum

513 2430 697 57 est duce hasdrubale. Et circa hoc iiii ͦ ͬ facit

517 2474 684 66 quia pͥmo docz quõ inter pr̃em amulcarẽ

519 2526 687 53 et filium hanibalem hasdrubal dux pẽoꝝ

519 2570 678 51 hoc est carthaginensium factus est dicẽs

515 2611 678 61 Hasdrubal medius inter pr̃em et filium

515 2653 688 124 obtinuit imperium carthaginensium

1369 326 725 87 ferme octo annis. hasdrubal inꝙ̃ͣ conciliatus

1382 396 714 64 i. amicus factus pͥmo amulcari flore .i. ꝑ pul

1380 443 720 64 critudinem iuuentutis uti ferunt .i. narrãt

1374 486 720 68 inde gener accitus .i. uocatus ꝓfecto .i. certe ob

1382 526 720 76 aliam indolem aĩ .i. prudenciam mentis et

1382 581 716 68 quia gener erat .s. amulcaris poĩtus est in

1382 630 697 66 imperio opibz .a. per auxilum et potentiam

1361 677 733 70 factionis brachine .i. consensu familie uel

1386 719 716 69 nationis. sic uocate. que .s. opes erant apud

1388 769 700 63 milites et plebem plusꝙͣ modice .i. non mo

1388 809 702 76 dicum sz multum poterant apud milites

1388 849 723 71 et plebem. haud sane .i. non certe uoluntate

1382 892 733 76 principum positus est in imperio . ¶ Scdõ

1386 947 718 62 cum dicit. is plura. docz quomodo iste guber

1386 987 718 67 nauit imperium dicens. is .s. hasdrubal gerẽs

1388 1039 708 66 i. faciens plura consilio .i. prudencia. ꝙͣ ui.

1388 1083 721 64 i. uirtute militari auxit rem .i. ptãtem car

1382 1126 716 66 thaginensium auspicis regulorum .i. for

1382 1179 708 51 tuãtis principiis paruoꝵ regum .s. quos

1386 1221 708 58 habebat sub se qui fortũate gub̃nabant.

1390 1258 725 64 rem carthaginensium sub eo conciliandis

1390 1309 719 59 qz .i. amicitiam colligendis nouis gentibz

1390 1351 717 54 et colligendo nouas gentes in amicitiam

1390 1388 714 78 i. per amiticiam pͥncipum ꝙͣ bello ⁊ armis

1395 1434 724 66 ¶ Tercio cum dicit. ceterum. docz qͣuo iste

1390 1485 714 58 hasdrubal interfectus fuit. dicens. ceterũ.

1391 1522 718 68 i. sz pax nichil fuit tucior ei .s. hasdrubali ꝙͣ

1388 1572 717 62 si uicissz in bellis quo ad euasionem mort ͥ

1388 1617 699 66 quia quidam barbarus palam interfecit

1386 1662 719 70 eum .s. hasdrubalem. ob iram doͥ obtrũcati

1391 1707 714 68 ab eo .i. quia hasdrubal obtrũcauerat dñm

1395 1749 714 62 illius. barbari. comprehensusqz .s. barbarꝰ

1391 1796 709 62 a circonstantibz. haud .i. non alio uultu.

1391 1849 718 57 s. fuit ꝙͣ si euasissz ymo quod mag ͥ mirũ

1391 1894 707 57 est cum laceraretur quoqz in tormentis.

1391 1932 697 64 s. iste barbaus eo fuit hĩtu oris .i. talem

1391 1974 724 75 pretendebat se in facie ut superante leticia

1391 2032 707 57 quam hũit de morte hasdrubalis. dolores

1393 2068 718 68 i. quos inferebant tormenta. prebuit spẽm

1395 2121 648 64 i. sumilitudinem et formam ridentis.

1397 2162 705 70 ¶ Quarto cum dicit. cum hoc. docz quõ

1390 2215 710 64 populus hoc cum hasdrubale fedus reno

1391 2264 703 59 uauit dicens. populus romanus reno

1391 2302 711 60 uauerat fedus cum hoc hasdrubale. quia

1378 2347 724 59 fuerat .s. hic hasdrubal mire artis .i. mira

1390 2385 715 60 bilis prudentie in sollicitandis gentibus

1391 2428 711 61 iungendisqz imperio suo renouatũ autẽ

1380 2474 727 66 fuit fedus hac condicione ut amnis hybe

1395 2525 726 58 rus qui fluuius est hyspanie et quondam

1391 2568 713 59 toti hyspanie nomen dedit. Dicitur aut̃

1393 2613 722 57 amnis amenitate quia nemore ⁊ frondi

1393 2662 716 70 bz redimitus. dicit ergo ut amnis hyberꝰ
