2286 3404
160 380 721 58 finis ẽẽt utriusqz imperii .s. romani ⁊ cartha

168 425 708 53 ginensis. seruareturqz libertas saguntinis

179 467 714 68 sic dictis ab urbe saguntio mediis .s. existen

177 520 714 62 tibz inter imperia duorum populorũ .s. rõa

183 567 702 58 norum et cartaginensum. ¶ In hasdru

181 612 702 61 balis. Hic docz quomodo hanibal in ducem

179 652 693 70 electus fuit. Et circa hoc duo facit. quia pͦ

179 707 689 53 docz ꝙ hasdrubali in ducatum successit.

181 743 702 64 2ͦ circa hoc quedam altius repetit.ibi. hũc

181 786 700 61 uix. Quantum ad pͥmum dicit haud .i. nõ

179 828 706 70 dubia res fuit. quin fauor eciam plebis seq̃

183 885 706 56 batur p̾rogatiuam militarem .s. hanibalis

185 922 696 65 i. qͥn plebs fauit hanibali ꝓpter p̾rogatiuã

183 975 708 55 militie qua .i. pp̃ quam iuuenis hanibal de

177 1015 704 66 latus est extemplo .i. statim in pretorium

181 1057 698 60 s. hasdrubalis uͥ .s. milites cõuenerant ĩꝑa

177 1106 701 57 torqz appellatus erat in locum hasdrubalis

181 1153 680 59 ingenti clamore atqz assensu omnium.

187 1197 677 60 ¶ Hunc uix. hic de hanibale quedam

183 1240 704 62 repetit atius. pͥmo docens quonodo in hys

181 1287 693 57 paniam ad hasdrubalem fuit accersitus.

179 1331 697 57 2ͦ quomodo tam imperatori ꝙͣ excercitui

179 1372 678 61 fuit acceptus ibi. missus. Tercio ꝙͣto tp̃e

179 1410 683 66 sub hasdrubale militie est ĩmoratus. ibi

183 1463 670 49 cum hac. Circa pͥmum .iiii.ͦ ͬ facit. quia

183 1497 696 70 pͥmo docz quõ hasdrubal hanibalem ꝑ lrãs

185 1550 696 59 accersunt. dicens. hunc .s. hanibalem uix

183 1588 696 62 dum puberem .i. uix statum pubertatis

187 1639 698 55 actingentem ⁊cͣ. ¶ Secundo. cum dicit

185 1684 711 61 actaqz. docz quomodo ut micteretur brachini

189 1734 702 49 annitebantur dicens. actaqz .i. tractata res. s

187 1766 709 58 de mittendo hanibalem ad hasdrubalem. in seã

185 1819 704 53 tum eciam fuerat intentibz brachinis nom̃

185 1857 700 64 familie est. ut assuesceret hanibal militie et

187 1911 698 50 ideo uolebant eum mitti ad hasdrubalem hy

185 1949 691 65 spaniam atqz succederet .s. hanibal in pater

187 1995 691 60 nas opes .s. assuefactus milicie. ¶ Tertio

187 2040 691 61 cum dicit. hanno. docz quõ quidam pͥnceps

187 2087 708 59 nõĩe hanno ne mitteretur contradicit. dicẽs

189 2133 702 66 hanno pͥnceps alterius factionis .i. consentiẽ

185 2184 677 56 tium in partem alteram .s. ne mitteretur.

185 2225 710 63 inquid hasdrubalis uidetur et equum .i. iustũ

187 2275 708 64 postulare et ego tñ non censeo .i. iudico tribu

185 2322 693 57 endum quod petit. cum autem conuertissz

187 2363 692 53 s. hanno omnes in se ãmiracione tam anci

181 2405 708 62 pitis .i. dubie sentencie .s. ꝙ hasdrubal iuste

187 2450 706 65 peteret et tamen sensit quod non deberet fieri

189 2494 690 64 quod petebat. inqͥ .s. hanno. cum hasdrubal

187 2541 683 64 censet .i. iudicat iusto iure repeti a filio .s.

191 2587 679 62 regis amulcaris florem .i. pulcritudinem

187 2626 700 59 iuuentutis ad abusum suum. quem .s. flo

187 2679 704 106 rem. ip̃e .s. hasdrubal prebuit fruendum pr̃i

1078 378 704 55 hanibalis .s. amulcaris ut prius tactum est. tñ

1080 421 702 63 minime docz nos assuefacere iuuentutẽ nrãm

1078 463 695 66 i. iuuenes nr̃os. libidini p̾toꝵ .i. magr̃atuũ

1074 512 695 61 spẽm pro gn̾e posuit. pro militari rudimẽto

1076 563 699 62 i. ut comparẽt in uicia militie per libidinem

1076 608 689 57 et an timemꝰ hoc ne filius amulcaris .s. ha

1076 654 687 64 nibal nimis sero .i. tarde uideat imperia in

1078 707 680 58 modica .i. magna et sp̃e regini paterni ꝙͣi

1078 750 685 51 drẽt. non oz hoc timere. per hoc excludit al

1076 792 683 55 legatiõem brachinorum qui uoluerũt ideo

1074 832 693 62 hanibalem mitti ad hasdrubalem ut assue

1069 881 692 58 factus militie succederet in regno paterno

1078 930 681 59 et .s. timemꝰ ꝙ parum mature seruiamus

1063 975 706 55 filio eius .s. amulcaris regis cuiꝰ regis gn̾o

1076 1009 697 68 s. hasdrubalis relicti sunt excercitus nr̃i hẽ

1078 1059 689 66 ditarii. ꝙͣi drẽt non oz hoc timere. quia satis

1080 1100 689 61 mature seruemꝰ et sacis cito succedet in reg ͦ

1080 1149 696 66 pr̃no. Et ideo ego censeo .i. iudico istũ iuuenẽ

1078 1200 697 55 s. hanibalem filium regis tenendum domi

1076 1242 685 59 sub legibz sub magr̃atibz docendumqz uiue̾

1080 1285 678 57 equo iure cum ceteris. quia sit acquiret . sͥ.

1080 1331 691 60 magis affectiõem populi sui et facilius suc

1078 1372 672 61 cedet in regnum sic inꝙͣ uolo eum uiuere

1078 1420 695 55 cum ceteris. ne qñqz hic paruus ignis .i. par

1078 1463 685 53 ua cupiditas succedendi. in regno paterno

1078 1503 683 64 exsuscitet ingens incendium ex inuidia

1080 1554 670 55 que possz oriri inter hanibalem ⁊ hasdru

1078 1594 674 56 balem. ¶ Quarto cum dicit. pauci.

1076 1630 699 68 Docet ꝙ sententia pluriuum preualuit dicẽs

1078 1686 681 57 pauci assenciebant hannoni ac ferme .i. sz

1072 1726 680 61 fere quisqz optimus .s. assenciebat ei. sz ut

1076 1775 683 55 plerũqz fit .i. contĩgit pars maior uicit me

1076 1807 695 74 liorem .s. obtinendo ꝙ hanibal mitteretur in

1076 1857 697 68 hyspaniam. ¶ Missus. Hic docz quomõ

1078 1906 683 62 hanibal tam imperatori ꝙͣ excercitui fuit

1080 1953 659 55 acceptus. Et circa hoc tria facit. qͥa pͥmo

1078 1989 698 66 docz quõ p̃p̃ similitudinem prĩs fuit acceptꝰ

1080 2040 674 59 excercitui. dicens. hanibal missus in hys

1080 2082 689 64 paniam statim pͥmo aduentu conuertit in

1078 2131 689 68 se oẽm excercitum ueteres milites credere .i.

1082 2184 687 62 credebant amulcarem .s. prẽm hanibalis

1080 2229 676 61 redditum s iuuentem intueriqz .i. intue

1078 2275 687 62 bantur eumdem uictorem in uultu .s. q̃m

1078 2326 691 53 hũit pr̃ uimqz .s. eamdem in oculis hĩtum

1078 2363 693 63 oris .i. disposicionem faciei eandem sine linia

1076 2403 676 61 mentaqz .s. corporis eadem. ꝙͣi dr̃et in õibz

1078 2454 644 57 iuiderunt em similem simulem patri

1078 2488 687 70 ¶ Secundo cum dicit. deinde breui. docz

1076 2543 685 64 quomodo non ꝓpter pr̃em. sz ꝓpt̾ se ip̃m ac

1078 2588 674 53 ceptus fuit tam imperatori ꝙ̃ excercitui

1076 2632 678 57 unde dicit. deinde breui .s. tempore effecit

1076 2677 697 104 s. hanibal ut pr̃ ẽẽt miminũ monum̃tũ

2170 60 61 95 d
