2257 3401
519 347 696 66 i. minime moueret inter alia ad conciliand̃

519 398 698 59 sͥ fauorem .s. excercitus et imperatoris. quia

510 449 707 53 facta sua ꝓpria plus mouebant ad hoc qz

519 491 679 58 nunꝙͣ fuit idem ingenium habilius ad

519 536 694 62 parandum imperandũqz res diuersissĩas

519 585 681 57 ut puta militares et ciuiles. itaqz haud

519 631 702 52 i. non discerneres utrum ẽẽt carior impera

510 670 703 68 tori .s. hasdrubali aut excercitui neqz has

517 712 690 72 drubali. malle .i. mallebat. quemꝙͣ perfi

517 765 681 60 cere ubi ẽẽt agendum aliquid .i. aliquid

504 812 707 62 fortiter et strenue neqz milites alio duce

517 857 689 63 plus confidere .i. confidebant aut audere

521 903 685 54 i. audebant ymo minus . ¶ Tertio cũ

521 942 694 59 dicit plurimum. describit mores haniba

517 990 706 64 lis. et pͥmo uirtuosos. dicens. erat .s. hani

517 1033 694 62 bali. plurinum audacie ad capessenda

523 1076 692 65 i. desideranter aggredienda. pericula plu

519 1122 705 70 rimum. consilii .s. erat ip̃i. inter ip̃a peri

519 1167 705 64 cula .s. ad euadendum. non poterat aut cor

516 1205 716 70 pus aut ãiꝰ .s. hanibalis fatigari ullo la

516 1260 682 60 bore par pacientia caloris ac frigoris .s.

502 1294 722 68 fuit ei quia utrũqz potuit bene sustinere

517 1343 690 68 modus cibi pocionisqz finitus .s. erat. de

514 1392 707 60 siderio .s. naturali .i. scdm̃ exigenciam na

506 1430 715 64 ture non uoluntate uel uoluptate tp̃a ui

514 1475 709 64 giliarum sompniqz discriminata .i. distĩc

517 1530 681 53 ta et distributa erant nec nocte nec die.

517 1562 706 66 e. ut tantum dormiret de nocte et tantum

517 1607 689 63 uigilaret de die sz siue eẽt dies siue nox. qd̃

519 1657 658 60 suꝑẽẽt .s. de tempore rebz gerendis. id tp̃s

521 1698 690 61 quieti datur ea .s. quies accercita .i. allecta

519 1745 696 53 est neqz molli strato neqz silentio quia in

519 1781 690 64 duro lecto et in tumultu satis dormire pote

519 1830 694 63 rat. multi conspexerunt sepe sepe hanibalẽ

521 1876 686 56 iacentem humi .i. super terram nudũ int̾

519 1925 677 58 stationes custodiasqz militum operto sa

517 1972 696 59 gulo .i. stragulo uel coopertorio militari .i.

519 2017 683 51 quale competit militi non regi uel duci.

516 2053 680 59 uestitus .s. eius nichil excellens erat int̾

516 2101 703 66 equales .s. milites. arma atqz equi conspi

516 2148 686 56 ciebantur .i. aspectu digni erant. Idem .s.

516 2193 682 61 hanibal. longe primus exat equitũ pedi

516 2233 691 66 tumqz .i. p̾cipuus erat inter equites et pe

517 2280 689 62 dites ibat princeps .i. pͥmum locũ tenens

517 2325 679 57 ibat in prelium conserto i. cõmisso prelio

517 2367 687 66 ultimus excedebat .s. de bello. ¶ Secũdo

516 2420 699 55 cum dicit. has tantas. docz qualis erat hani

512 2461 694 63 bal. quo ad mores uiciosos. dicens. ingen

514 2507 707 56 tia uicia equabant has tantas uirtutes

514 2554 692 49 uiri .s. hanibalis ut crudelitas inhũana

517 2590 687 66 i. belua. perfidia .i. fraudulentia plusꝙͣ

516 2637 705 104 punica .i. ꝙ ͣ solet ẽẽ penorũ. hoc est cartha

1389 351 718 59 ginensium qui tamen in perfidia transcen

1395 394 699 59 derunt alias naciones nichil ueri .s. in uer

1393 440 690 62 bis nichil sct̃i .s. in factis nullus metus .s.

1389 489 709 57 timor dei. nullum iusiurandũ .s. tenuit eũ

1398 536 694 59 nulla religio .s. erat ei .i. nulla reuerentia

1396 580 704 64 deorum. ¶ Cum hac. hic docz ꝙͣto temꝑe

1395 614 714 71 militauit sub hasdrubale imperatore. dicens

1395 672 695 61 cum hac indole uirtutum atqz uitiorum

1389 716 716 56 triennio pretermissa nulla re que eẽt agen

1395 759 705 59 da uidendaqz .i. preuidenda duci magno su

1391 808 695 61 turs .i. s qui erat futurus dux magnus.

1402 855 679 63 ¶ Ceterum. hic agit de occasione seu ori

1389 897 714 60 gine belli cõmissi inter romanos et penos

1393 942 722 61 seu carthaginenses. Et erat occasio oppugna

1393 990 716 56 tio saguntinorum. Et circa hoc tria facit.qz

1396 1033 683 60 pͥmo docz quomodo hanibal saguntiũ ex

1396 1076 709 65 pugnare intendit. 2 ͦ quo ͦ alias urbes op

1393 1122 724 64 puguando intentionem suam occultare uo

1398 1163 709 67 luit ibi quibz oppugnandis. Tercio quomõ

1398 1216 703 61 ad oppugnandum saguntinos accessit. ibi

1395 1260 691 56 et iam omia. Quantum ad pͥmum dicit.

1396 1307 715 57 ceterum .i. sz ex quo die declaratus est dux

1396 1349 711 58 e. cartaginensium sicut sͣ tactum est opta

1398 1392 698 55 uit inferre bellum saguntinis. velut pro

1398 1430 715 66 uincia ytalia ei decreta ẽẽt .s. ad oppugnãd̃

1396 1481 715 60 bellũqz romanum mandatum eẽt. ratus

1398 1519 705 66 i. opinatus nichil prolatandũ .i. differẽd̃

1396 1566 711 62 ne aliquis casus opprimeret .i. impediret se

1398 1615 707 51 cunctantem .i. differentem bellum ut prẽz

1396 1658 707 57 suum amulcarem quoqz deinde hasdrubalem

1396 1702 687 58 s. oppressit. quia ambo occisi fuerunt. et de has

1398 1747 686 55 drubale sͣ dictum est. De amuctare uͬo dicit.

1396 1791 730 66 orosius. libro iiiiͦ. anno ab urbe condita . u ͨ. xuiii

1395 1830 710 67 Amulcar dux cartaginensium ab hyspanis

1396 1878 711 62 in bello. cum aliud bellum aduersus romãos

1398 1929 711 54 clam pararet occisus est. ¶ Quibz oppugͣn

1398 1968 694 61 dis. Hic docz quõ hanibal oppugnando urbes

1395 2010 720 62 uicinas saguntio intencionem suã occultau ͭ

1396 2057 707 64 et circa hoc duo facit. quia pͥmo fraudulentã

1395 2099 701 64 intentionem hanibalis expͥmit. 2ͦ docz quõ

1393 2150 718 64 urbes uicinas expugnauit .ibi. cartaginen ͫ

1393 2201 703 58 Quantum ad pͥmum dicit. quibz .i. ꝓ quibz

1396 2244 723 59 s. saguntinis oppugnandisqz haud .i. non du

1395 2290 712 52 bie mouebantur arma rei racione romane

1395 2331 714 57 i. contra rem romanam oppugnando sagũ

1387 2375 728 56 tinos. Inducit excercitum prius .s. ꝙͣ oppugna

1393 2420 712 60 ret saguntinos. in fines olcadum nomen gẽ

1389 2467 724 62 tis est de qua subdit. ea gens ultra hyberũ respͨ

1387 2514 718 61 tu romanorum in parte cartaginensiũ erat

1393 2562 729 54 magis ꝙͣ indicione. quia lz in parte eorũ eẽnt

1393 2603 724 57 ꝙͣtum erant ex concessione romanorũ qui cõ

1393 2645 726 115 cesserunt peni om̃ia ultra hyberum fluuiũ
