2297 3381
172 364 709 52 tamen in dicione eorum non erant quia nõ

178 405 703 57 dediderant se eis sicut alii. induxit autem il

178 450 701 60 luc excercitum ut uideri possz non petisse .s.

178 495 726 64 bello saguntino. sz rerum serie tractus .s. uide

182 544 716 62 ri possz ad id bellum. iungendo .i. dum iunge̾

178 589 711 62 uellet saguntinos per confederatiõem aliqͣm

165 634 718 62 finitimis .i. uicinis domitis. ¶ Cartagi

178 679 712 68 nemqz. Hic docz quoͦ hanibal oppugnauit

178 730 709 60 urbes uicinas saguntio. Et primo docz quõ

176 768 698 60 urbes oppugnauit. 2 ͦ quõ carpentanos.

174 817 707 58 deuicit. ibi. ab hermandica. Circa pͥmum

165 860 731 64 tria facit. quia pͥmo docz quõ cartaginem ex

171 910 716 59 pugnauit. dicens expugnat .s. hanibal. di

176 957 699 64 ripit cartaginem urbem opulentã exñtez

176 1003 707 65 caput eius gentis .s. olcadum quo metu per

178 1055 701 58 cusse ciuitates minores accepere imiperiũ .s.

174 1096 716 53 cartaginensium. subdendo se hanibali impo

174 1138 701 64 sito stipendio .s. illis urbibz ad soluend̃ mili

171 1181 721 60 tibz hanibalis. ¶ Secundo. cum dicit. uic

169 1228 710 53 tor. docz quomodo excertitum deduxit in uac

172 1269 703 64 ceos. dicens uictor excercitus opulentusqz p̾

174 1312 701 61 da deductus est cartaginem nouã urbem

176 1356 701 58 s. hyspanie sic dictam. in hyberna .i. ut ibi

174 1403 709 58 hyemaret et transigeret tempus hybernũ.

176 1450 707 62 ibi .s. apud cartaginem nouam parciendo

182 1489 707 58 i. diuidendo large predam .s. militibz exsoluẽ

178 1530 714 66 do .i. pro exsoluendo cum fide .i. fidełr. stipendio

180 1581 703 64 preterito .s. militum quod nond̃ solutũ erat

176 1628 699 64 ꝓmotum est bellum .i. deductus est exc̾citꝰ

184 1677 680 52 ad bellandum. in uacceos .i. in territorium

180 1705 703 70 uacceorum. uͬe pͥmo .i. incipiente. et hoc fir̃a

176 1758 713 58 tis in se aĩs ciuium .i cartaginensium socõꝵ

182 1808 697 57 qz .i. confederatoꝵ .sͥ. ¶ Tertio. cum dicit

180 1842 699 72 hermandica. docz quõ cepit duas ciuitates

178 1895 697 62 cartorum .i. populi sic dicti. dicens. capte .s.

176 1940 703 58 sunt .ui .i. uirtute militum hermandica et

176 1985 716 60 arbochala urbes cartorum et arbochala diu

176 2032 699 62 defensa .s. fuit uirtute et multitudĩe opi

176 2068 696 77 danorum. ¶ Ab hermandica. Hic docet

176 2124 714 58 quomodo carpantam concitati ꝓ quosdam

172 2171 717 62 profugas excercitum hanibalis turbauer̃t

172 2218 715 54 2ͦ quomodo carpentam ab hanibale uicti

165 2261 718 62 fuerunt . ibi. hanibal. Quantum ad pͥmũ

171 2306 693 58 dicit. cum profugi ab hermandica .s. urbe

176 2349 688 62 capta ab hanibale iunxissent se exulibz

176 2387 690 66 olcadum gentis domite .i. qui fuerunt do

176 2436 690 60 miti pͥore estate concidant carpentanos .i.

174 2481 685 66 contra hanibalem adortiqz .i. aggressi

174 2526 701 64 hanibalem regressum ex uacceis procul.

171 2569 718 66 flumine .i. a flumine tago de quo ysod̃ eth̃

172 2612 707 58 xiii. tagum fluuium carthago hyspanie

172 2652 718 127 nuncupauit de qua ortus ꝓcedit fluuius

1073 366 675 56 arenis auriferis copiosus et ab hoc ceteris

1065 407 705 66 fluuiis hyspanie prelatus turbauere agmẽ̃

1075 458 680 52 i. excercitum hanibalis graue .i. honustum

1075 495 684 66 preda . ¶ Hanibal. hic docz quomodo hani

1071 544 673 64 bal carpentanos deuicit. Et circa hoc tria

1065 601 700 54 facit. quia pͥmo docz quomodo hanibal suos

1073 636 688 70 disposuit. 2ͦ quomodo multitudo carpenta

1075 694 701 53 norum periculose exposuit ibi. carpentanoꝵ

1063 734 702 60 Tercio quomodo hanibal carpentanos deuicit

1067 775 688 60 ibi. et ex parte. Circa pͥmum pͥmo docz. quõ

1069 815 688 67 hanibal ad inuadendum hostes se disposuit

1071 860 680 71 dicens hanibal ⁊c̃. cum pͥma quies .s. in

1069 916 690 62 pͥma parte noctis silenciũqz ⁊c̃. traiecit .i.

1063 957 696 62 transmisit amnem ad tergum. uado .i. per

1071 1010 699 56 uagum .s. transiuit ultra amnem per ua

1071 1051 697 60 dum ualloqz producto .s. ex altera parte

1069 1100 705 62 ripe ad munimen sui ita ut hostes locum

1069 1143 690 62 hrẽnt etc̃. statuit ĩuadere ⁊cͣ. ¶ Scdõ.

1069 1187 677 60 cum dicit. equitibz. docz quid ordinauit de

1067 1228 673 60 equitibz. et elephantis. unde dicit. p̾cepit

1065 1269 705 58 equitibz ut cum uiderent agmen peditum

1067 1316 684 57 ingress aquam. sinthes recte qͣi ĩ agmĩe

1071 1365 686 53 intelliguntur pedites adorirentur .i. ag

1069 1406 679 59 grederentur. ¶ Carpentanoruum. Hic

1071 1448 684 58 docz quomodo multitudo carpentanorum

1071 1489 690 66 periculo se exposuit. Et circa hoc duo facit

1069 1534 703 66 quia p̾mo docz quanta fuit hec multitudo

1069 1583 692 58 carpentanorum dicens. fuere centum mi

1069 1634 697 58 lia carpentanorũ cum appendicibz .i. sociis

1065 1673 692 58 ⁊ cͣ. acies ĩuicta .i. difficilis ad uĩcendum si

1067 1716 688 57 equo .i. plano ⁊ cͣ. ¶ Secundo. cum d ͭ

1065 1759 685 61 itaqz. docz quomodo hec multitudo se peri

1067 1803 698 58 culo exposuit dicens. feroces itaqz .s. carpẽ

1062 1844 708 60 tani. freti .i. confisi. et ingenio .s. suo et mł

1063 1897 702 58 titudine et ꝙ .i. quia credebant hostes .s.

1067 1938 692 60 hanibalem et suos cecisse metu. ratiqz .i.

1065 1987 696 58 opinati id morari .i. tardare tarde. uictori

1067 2034 705 62 am quod amnis interẽet .s. inter eos et ha

1065 2081 694 54 nibalem. ruunt in amne clamore sub

1063 2126 694 62 lato sine imperio ullius .s. ducis. passim

1067 2173 688 54 i. inordinate. ruunt inꝙͣ in amnem ex

1065 2214 685 68 ea parte qua cuiqz ꝓxi ͫ est. ¶ Et ex

1063 2255 692 72 parte. Hic docz quomodo hanibal carpen

1063 2312 694 52 tanos deuicit. Et pͥmo docz quid per ipõs

1065 2351 692 55 equites factum est dicens. et ingens uis

1069 2396 688 60 i. ptͣas magna et multitudo equitũ im

1067 2436 686 65 missa in flumen ex parte altera parte

1065 2486 694 62 ripe medioqz alueo concursum est .s. ab

1067 2528 686 64 equitibz hanibalis et peditibz carpenta

1067 2569 701 70 norum haudꝙͣ ꝙͣ .i. non usqz qͣqz pari cer

1065 2616 716 62 tamine nec mirum quippe cum eques lib̾

1069 2661 709 133 corpore armis stabili equo .i. firmit̾ stãte
