2230 3413
513 373 685 55 gnandas diuiserunt. dicens iam ante nõiate

519 415 669 60 erant consulibz prouincie .s. expugnande

521 458 671 63 nondum erat determinatum quisꝙͣ expu

519 506 698 53 gnaret tamen iussi .s. consules sortui .s. per

519 549 702 67 sortes determĩaret hyspania cornelio .s. scipi

521 593 690 57 oni uenit affrica ⁊c̃. ¶ Secundo cum

519 637 685 64 dicit. sex in eum. docz quas copias militie

523 688 677 60 romani parauerunt unde dicit. decrete .s.

519 726 700 68 sunt. in eum annum sex legiones .s. rõane

521 769 688 63 et sociorum ꝙͣtum ip̃is .s. sociis. uel ipĩs .s.

523 813 688 66 consulibz uideretur .s. classis .s. decreta est

523 862 684 65 ꝙͣta fieri possz ciuium autem siue uiam

513 904 675 74 ponens dicit ꝙ subscripta sunt .xxiiii ͦ ͬ

521 961 675 62 milia peditum romanorum et pedites oc

510 1004 699 63 tingenti. naues etcͣ. remes .i. que cũ remis

519 1044 692 69 aguntur. celones secundum ysid etħ. xix. st̃

517 1094 677 62 quas greci celatras uocant .i. ueloces. uel

517 1141 635 59 celoces. celom quodd̃ genus nauis est.

532 1173 675 72 ¶ Tertio cum dicit. latum. docz quomõ

519 1224 694 65 ut populus apꝓbare bellum rogatum est

521 1272 683 64 unde dicit. latum ad populum est. inde .i.

515 1315 685 65 post hec uellent .i. ut uellent iubere indici

511 1363 681 60 ⁊ cͣ bellum. quod populus rõnꝰ iussisset.

525 1403 667 60 ¶ Quarto cum dicit. inter consules.

521 1442 685 67 docz quomodo iste copie diuise sunt inter cõ

519 1497 698 59 sules. Et nota ꝙ ut lrã pretendit. copie diui

519 1532 702 70 se sunt in tres. quarum unam partem hũit

523 1587 686 60 consul sempronius et maiorem etiã ꝑtem

521 1626 692 69 unde dicit. pͥmo inter consules. ita .s. sunt ⁊ cͣ

517 1672 690 68 transmissurus .s. copias istas. sz ałi consul

517 1717 690 67 satis ẽẽt .i. sufficeret ad arcendum et cetera.

523 1767 683 60 ¶ Secundo cum dicit. cornelio. docz quãta

517 1808 690 55 pars copiarum data est alteri consuli. corne

519 1856 687 53 lio stipioni dicens. minus copiarum. datũ

519 1899 685 63 est cornelio ea cã qualis malius pretor. et

521 1939 671 61 ip̃e .s. cornelius. haud .i. non ĩualido. ymo

521 1979 692 66 ualde ualido secum presidio .s. exñte mittebã

511 2025 698 60 tur in galliam. numerus nauium. maxĩe

519 2072 681 64 dĩnutus est cornelio. quia tm̃ date sunt. lxu

521 2121 677 59 remes. quia neqz credebant hostem .s. hani

519 2167 685 64 balem uenturum. aut ea parte belli .s. bello

521 2210 686 65 nauali dimicaturum sũmam milicie da

513 2258 685 64 tam cornelio. cum hiis nauibz subiũgens

523 2301 675 63 dicit. et due romane ⁊c̃. iusto equitatu .i.

521 2353 681 58 cum equitum numero debito tot legionibz

525 2396 684 55 ¶ Tercio cum dicit duas. docz ꝙ tercia co

519 2432 679 61 piarum pars posita est in prouincia gal

521 2474 677 62 lie. sz non dicit. quo duce. unde uidetur lrã.

494 2519 696 63 falsa et corrupta. Dicit tamen gallia pro

523 2571 667 58 uincia. eodem u̾sa .i. simłr in curam belli

525 2607 677 64 intenta . in .i. ꝙͣ punicum bellum hũit. iiͣ

527 2658 673 144 legiones. ¶ Hiis ita agit delega

1397 360 690 60 tione missa ad indicendum bellum. Et pͥmo

1401 401 709 71 agit de profectione legatorum. 2ͦ de statu urb̃.

1403 447 707 64 in reditu eorum ibi. ita per agratis. Circa p ͫ

1403 496 707 59 duo facit. quia pͥmo docz quomodo ꝓfecti. per

1388 534 716 67 fecerunt legationem premariã. 2ͦ ꝑfecerũt

1401 587 705 63 secundariam .ibi. legati.R.l. Circa pͥmũ duo

1393 633 713 60 facit. quia pͥmo docz quõ illa legac̃o expedita

1393 676 702 63 fuit. ĩsinuat. 2ͦ auctor ip̃e partẽ rõanoꝵ iu

1399 720 717 68 stificat. ibi. hec directa. Circa pͥmum duo fa ͭ

1403 766 699 62 quia pͥmo docz. quõ hec legacio est imposita

1395 809 696 65 2ͦ quõ perfecta .ibi. romani. Quantũ ad

1399 860 717 69 pͥmum dicit. his ita comparatis .i. ordinatis

1401 908 690 62 ut ante bellum omĩa iusta fierent .i. que de

1403 951 715 63 bent fieri iuste ante bellum mitti ĩ affricam

1403 991 690 65 legatos maiores natu .i. seniores et digniores

1401 1040 700 73 qͥntum ⁊cͣ. nomina qͥuqz legatorum. ponit

1399 1092 711 58 ad ꝑcunctandum .i. interrogandum cartha

1395 1137 713 55 ginenses hanibal ire .i. utrum hanibal oppu

1401 1181 696 64 gnassz. saguntum pu ͨ ͦ consilio. et ut indice

1401 1215 713 74 rent bellum populo carthaginensi. si faterẽt᷑

1403 1266 699 63 ac defenderent factum ẽẽ consilio pu ͨ ͦ qͣi drẽt

1401 1314 720 58 s. fateri et defendere fcũri uidebantur .s. per ea

1403 1363 713 53 que apparebant non queritur an iure uel in

1401 1391 724 69 iuria. quia quod ĩuriose fecerunt tanꝙͣ euidẽs

1401 1444 713 67 supponitur. sz an pu ͨ ͦ consilio sit factum quia

1401 1490 709 66 si puc ͦ redundat culpa in populum. si pͥua

1397 1532 696 64 to tm̃ in personam. ¶ Romani. hic docet

1401 1583 698 62 quõ legacio est perfecta. Et circa hoc duo facit

1405 1619 696 74 quia primo docet quo ͦ legacione romanorũ

1403 1664 711 67 in parte facta. quidam ex parte carthaginen

1403 1714 696 66 respondit. 2ͦ quomodo bellum indictum et ac

1401 1755 703 67 ceptum fuit .ibi. cum romanus. Quantum

1403 1803 696 60 ad pͥmum dicit. postꝙͣ romani uenerunt car

1399 1843 679 68 thaginem senatus datus eẽt .i. congregacio

1403 1886 701 66 patrum ad audiendiendum romanos est cõ

1403 1930 703 72 cessa. et. qͥntus fabius nichil ultra ꝑcũttatꝰ

1401 1973 696 71 ẽẽt .i. nichil inquisiuissz p̾terꝙͣ unum quod

1403 2019 701 70 mandatum erat .s. an saguntum publico cõ

1403 2074 682 62 silio oppugnatum eẽt. tñ pͥnceps unus ex

1401 2117 690 55 carthaginensibz .s. dixit. romani. prior lega

1401 2155 701 72 cio ur̃a fuit .s. leuis. hoc positiuũ subintellig̃r

1403 2208 692 65 ex comparatiuo sequenti. cum deposcebatis

1401 2256 705 59 hanibalem .s. ad penam. tanꝙͣ ⁊cͣ. ceterum .i.

1401 2301 709 59 sz hec legacio est ad ħ uerbis leuior ⁊c̃. insum

1399 2345 679 63 labatur .i. accusabatur. et deposcebatur .s. ad

1399 2387 707 64 penam. nunc a uob̃ exprimitur .i. extorq̃tur

1401 2434 709 57 et confessio culpe et res repetuntur extimplo

1403 2480 703 62 i. statim ut a confessis .s. culpam .i. tanꝙͣ red

1405 2527 701 57 dideriꝰ nos culpabiles. ego autem non cen

1401 2565 698 63 seam .i. censebo .i. non iudicabo querendum

1401 2612 679 55 uel de nobis priuato ⁊cͣ. qͣi dr̃ẽt. ista questio

1401 2652 707 123 utrum pu ͨ ͦ uel priuato ꝯsilio factum sit nõ

1668 3062 125 115 pertinet
