2282 3381
229 345 703 66 pertinet ad uos. sz hoc quod ꝑtinet ad nos. ut ͫ

227 396 707 56 iure. uel fecimꝰ quia pͥma questio spectat ad

227 437 694 58 nos ut queramus eam de ciue nr̃o unde dicit.

227 484 690 60 nr̃a em̃ hec questio est atqz aĩauersio .i. pena

227 535 699 51 in ciuem nr̃m est .i. ad nos spectat punire quod

214 576 707 53 fecerit .s. ciuis ñr suo arbitrio aut nr̃o uobiscũ

227 623 679 51 i. inter uos romanos et nos una .i. sola discep

219 664 688 59 tatio est .i. solum de hoc hẽtis disceptare licue

229 713 656 57 rit ne etcͣ. itaqz .i. tñ. qm̃ placuit .s. nobis

225 756 682 55 discerni quid faciant imperatores pu ͨ ͦ con

223 796 686 64 silio quid sua sponte .i. uoluntate supple con

223 847 694 58 siderate uel auertite.o romani quid dicturꝰ

223 894 679 54 sum. ictum .i. fir̃atum est nobis uobiscum

212 933 701 60 fedus alutacio consule in quo ⁊c̃. nichil cau

218 984 684 56 tum est de saguntinis nec dum ⁊cͣ. at n .i. sed

225 1029 692 56 in eo federe etcͣ. de hoc̃ sͣ pz. aduersus quod .s. fedꝰ

223 1074 683 51 hasdrubalis ego nichil etcͣ. uos em̃ negastis.

223 1111 690 57 uos teneri eo .s. federe. quod fedus. oluctatius

225 1155 690 64 consul nobiscum pͥmo iecit .i. percussit et fir̃a

223 1205 690 57 uit nobiscum quia neqz erat ictum .i. fir̃atũ

223 1250 692 59 auctͦe pr̃m neqz et cͣ. itaqz .i. pp̃ hoc aliud .s. fedꝰ

225 1290 675 64 ictum est .i. fir̃atum pu ͨ ͦ consilio si uos etc̃.

225 1331 681 68 arguit a simili dicens. si uos .s. romanos fe

223 1382 679 58 dera nr̃a non tenent .i. ligant. nisi icta .i. fir

227 1427 650 60 mata ex auc̃te ⁊cͣ. ita nec fedus quid̃ has

223 1470 667 60 drubalis quod iecit .i. fir̃auit. nob̃ insciis .i.

225 1521 667 56 ignorantibz potuit nos obligare. proinde. o

229 1564 667 55 mittite facere mencionem sagunti atqz illi

221 1607 692 59 beri. que erat urbs de dicione romana et conu̾

221 1654 685 59 sa erat ad penos et pariat aliquando .i. mani

218 1696 693 63 feste ꝓducat in actum quod aĩꝰ ur̃ diu ꝑturit

223 1744 683 57 i. deliberauit ad faciendum. ꝙͣi dr̃et diu cogita

221 1790 630 60 stis inferre nob̃ bellum modo inferatis.

231 1825 675 66 ¶ Tum romanus. Hic docet quõ bellum

225 1868 669 64 indictum dicens tum romanus .s. fabius

223 1917 654 53 legatus facto sinu ex toga .i. ueste. sicut solet

216 1957 695 65 facere qui portat aliquid ignomĩo. inꝙͣ hoc

221 2006 679 58 i. in sinu uestis uel gremii portamꝰ bellum

223 2051 683 65 et pacem .s. hñtes utrũqz in potestate tanꝙͣ

225 2101 681 57 portaremus in gremio sumite utrum placz

221 2146 669 55 s. pacem uel bellum sub hanc uocem .i. pp̃ hoc

223 2188 684 60 dictum succlamatum est ferociter .s. a penis

225 2235 688 62 daret utrum uellz .s. pacem uel bellum et cũ

223 2276 675 56 is .s. romaniis iterum effuso sinu tanꝙͣ di

225 2321 675 56 misso gremio dixissz dare bellum. responder̃t

225 2361 679 60 õs se accipere .s. bellum et hiisdem se gesturos

223 2402 675 66 bellum .s. responderũt quibz acciperent .s. fe

223 2454 679 59 rocibz et alacribz. ¶ Nec directa. Hic auc

221 2503 686 55 tor iustificat factum romanorũ excusando

221 2543 696 58 legatos et supplendo.ꝙ .i. quia cum ut uidet᷑.

218 2586 674 58 princeps carthaginensis racionabiłr alle

218 2631 684 109 gassz iura federum non tamen legati rõni

1116 355 701 56 omissa disceptatione statim directe requisierũt

1097 398 711 62 de bello. unde dicit. hec ꝑcuntatio .i. interrõgͣ

1116 447 681 58 tio directa .s. de bello sine discussione ac denun

1114 490 683 58 ciacione belli tam subita magis uisa est ue

1112 539 683 52 nire ex dignitate populi romani .i. magni

1105 578 705 64 tudine animi populi romani cum ante tũ

1114 623 677 56 maxime sagunta excisa ꝙͣ disceptare iure

1110 663 679 69 u̾bis .i. per uerba federum secundum que tñ

1110 715 685 58 pz ĩiuria penoꝵ et iustitia romanorũ uñ

1112 749 681 62 dicit. nam si res eẽt disceptationis u̾borũ cõ

1112 800 683 54 parandum erat .i. annotand̃ quod fedus

1109 845 697 60 hasdrubalis cõmutatum est cum pͥore fe

1107 892 691 58 dere. lutatii consulis. cum in federe lutatii

1105 941 701 52 i. quod percussit consul additum eẽt diserte .i.

1092 982 708 64 discrete id ratum fore si populus censuissz

1109 1031 699 52 nec tale quicꝙͣ exceptum fuerit in federe has

1109 1068 688 59 drubalis .s. debuit hoc fedus tenere sine ius

1107 1115 695 60 su populi. ꝙͣuis non primum. quia pͥmũ

1097 1158 711 59 fuit sic condicionatum et tamen non potest

1109 1207 693 55 dici ꝙ hoc secundum fedus non sit approba

1103 1249 705 63 tum iussu populi cum populus hoc fedus

1107 1297 699 53 per multos annos approbauerit. unde dicit

1107 1335 691 66 et comprobatum sit fedus tot annorũ silẽ

1109 1389 680 55 cio. ita eo .s. hasdrubale uiuo ut ne quicꝙͣ

1109 1429 693 56 quidem mutaretur auctore .s. hasdrubale

1107 1472 699 56 mortuo. Esto tamen ꝙ pͥmum fedus staret

1101 1519 699 58 tamen uidetur in illo satis cautum pro sa

1097 1562 692 60 guntinis. unde dicit. ꝙͣ ꝙͣ et si .i. ꝙͣuis pͥore

1094 1607 723 57 federe staretur satis cautum erat sagũtinis

1105 1649 693 69 utrorũqz sociis exceptis .i. per exceptionem

1103 1696 695 65 sociorum utriusqz partis nam neqz additũ

1105 1746 676 55 erat .s. in federe. hiis qui tunc eeñt .s. socii.

1103 1790 665 50 post ea assumerentur. quia si hec addita

1095 1829 698 56 fuissent exclusi fuissent saguntini. Igitur

1105 1872 693 57 et cum liceret assumere nouos socios. quis

1107 1912 688 58 censeret .i. iudicaret equum .i. iustum aut

1103 1957 697 58 quemꝙͣ non recipi ob nulla merita ĩ ami

1105 1992 688 70 citiam. aut non defendi in finem ⁊ c̃. qͣi d̃.

1107 2049 678 58 nullus licuit. igitur ⁊ saguntinis nos. ob

1107 2084 691 64 aliqͣ merita in societatem recipere et ĩ finem

1105 2137 684 60 defendere. tm̃ .i. hoc solum cauendum erat ne

1103 2175 684 73 ĩ accipiendo aliquos in socios socii carthaginẽ

1103 2229 671 64 sium sollicitarentur .i. inducerentur ad de

1095 2272 677 59 fensionem. aut reciperentur in socios desci

1103 2312 686 62 scentes .i. separantes se a carthaginensibus

1103 2359 695 58 sua sponte. ¶ Legati hic agit de legatione

1105 2400 692 68 secundaria impoĩta legatis rõnis quibz impo

1103 2449 703 60 situm erat ꝙ cũ indixissent bellũ carthagĩen

1101 2496 696 58 sibz irẽt ĩ hyspaniã ⁊ ciuitates ĩ amicitiam et

1101 2533 688 64 societatẽ ppłi alicerẽt. Et pͦ docz quo ͦ ob hoc ĩ hy

1101 2573 680 67 spaniã trãsierũt. 2 ͦ quõ in hac legͣcione pro

1080 2618 696 116 fecerunt ibi. ad bargusios. Quantũ ad pͫͫ
