2230 3389
459 338 689 61 dicitur. legati romani traiecerunt .i. transmi

459 385 680 59 grauerunt in hyspaniam ut imperatũ erat

461 431 682 58 hiis rome ut adirent ⁊c̃. ¶ Ad bargusios.

459 470 678 62 hic docz quomodo in hac legacione ꝓfecerunt

461 512 684 64 Et pͥmo quõ ꝓfecerunt in hyspania. 2ͦ quo ͦ

452 562 696 66 ꝓfecerunt in gallia ibi ita ne quicꝙͣ. Circa

459 610 699 62 primum duo facit quia pͥmo docz quomodo

457 647 710 66 profecerunt erga bargusios. dicens uenerũt

463 690 674 68 s. legati pͥmum. ad bargusios a quibz et c̃.

463 739 695 66 erexerunt multos populos trans hyberum

461 788 699 57 s. fluuium ad cupidinem noue fortune .i. euẽ

455 826 692 60 tus noui belli. quia cedebat eos imꝑii puĩci

461 871 702 70 i. carthaginensis. ¶ Secundo. cũ dicit

463 924 680 58 ad uolstianos. docz quõ profecerunt apud

465 963 693 70 uolcianos ceterosqz populos hyspanie. dicẽs

465 1011 691 60 inde .i. post hec ⁊c̃. quorum celebre .i. famosũ.

465 1050 700 75 responsum. per hyspaniam auertit ceteras

465 1099 704 68 ⁊ t̃. maximꝰ ei natu .i. senior et dignior ex

467 1148 704 53 hiis .s. uoltianis. ita respñdit in consilio .s.

465 1191 698 62 legatis romanis. O romani que uerecundia

467 1227 702 68 est qͣi dr̃et. ualde magna nos postulare uti

468 1280 667 66 p̾ponanus ur̃am .s. amicitiam amicitie

468 1319 705 68 carthaginensium cum uos socii crudelius

467 1370 696 64 prodideritis .i. deceperitis saguntinos qui id

461 1415 704 55 fecerunt .s. pretulerunt amititiam uram

468 1459 695 58 amititie carthaginensium. quã prodidit

474 1508 699 58 i. decepit penus .i. carthaginensis hostis .i. exi

472 1553 699 54 stens censeo .i. iudico ibi queratis socios ubi

470 1596 690 58 ignota est clades saguntĩa quia ibi nota

472 1639 661 64 est nec reportabitis. ruine enĩ sagunti

470 1683 686 62 sicut lugubre ita insigne .i. notabile docu

474 1732 652 52 mentum erunt populis ro hyspanis ne

472 1766 699 60 quis confidat fidei et cͣ. inde .i. post hec extim

474 1813 697 56 plo .i. statim iussi abire etc̃. deinde ab mil

474 1856 676 56 lo consilio hyspanie tulere .i. reportauere.

476 1895 686 66 benigniora uerba sz omnes eodẽ mõ respõ

476 1939 680 60 derunt. ¶ Itaqz. Hic docet. quõ legati

468 1982 686 68 ꝓfecerunt in gallia. Et pͥmo docz quomo ͦ

472 2031 705 62 apud gallos communiter nichil ꝓfecerũt

467 2074 712 64 2ͦ ꝙ marsiliẽn speciałir amicos ĩuenerũt

474 2118 695 67 ibi. nec hospitale. Circa pͥmum tria facit

478 2168 687 63 quia pͥmo docz quomodo petitio romanoꝵ

476 2216 682 52 in consilio gallorum fuit derisa. dicens.

478 2257 687 62 itaqz peragratis ne quicꝙ̃ .i. frustra hys

476 2302 686 57 pania ⁊c̃. in hiis .s. gallis uisa est noua

472 2345 697 63 terribilisqz spẽs .i. consuetudo gentis erat

476 2385 689 58 tamen. uidz ꝙ armati. uenerunt in consi

474 2428 697 61 lium. ita mos .i. consuetudo gentis erat tñ

478 2475 689 59 extollentes .i. legati urb̃ gliãm ⁊cͣ. cũ petis

476 2521 704 54 sent .s. legati. ne darent .s. galli penus .i. car

476 2562 703 56 thaginensis inferenti .i. inferie ualenti bel

476 2607 701 115 lum ytalie transitum per agros ⁊c̃ tantꝰ

1354 335 695 54 dicitur ortus risus cum fremitu ut uix uen

1350 376 691 58 tus sedaretur .i. cohiberetur a uisu a magͣnti

1354 425 693 56 bz. ¶ Secundo cum dicit adeo. dat huius ir

1356 472 702 57 risionis cãm dicens. postulatio .s. rõnorum

1356 513 695 57 uisa est adeo stolida impudensqz .s. ut. ꝓpter

1356 549 696 68 eam sic riderent. impudens em̃ ⁊ stolidum

1356 604 702 54 est petere ne galli transmittant .i. transi

1357 647 697 64 re ꝑmittant bellum in ytaliam censere ip̃os

1356 692 693 57 s. gallos aduertere id .s. bellum in se ab itere

1356 739 693 57 agros suos populandos .i. uastandos pro ali

1357 781 675 64 enis .s. romanis defendendos. ¶ Tertio.

1357 830 692 60 cum dicit sedato. docz qualis responsio est ro

1359 867 692 68 manis seriose data. dicens tamen sedato hꝰ

1352 918 672 61 fremitu .i. murmure ⁊ c̃ namqz in se esse

1357 963 690 57 meritum romanoꝵ .i. romani alias merue

1356 1012 696 59 runt apud se. neqz carthaginensiũ inuri

1357 1052 692 58 am .i. carthaginenses nichil ĩiurati sunt sͥ

1357 1097 701 59 ob que assumant .i. assumere debeant arma

1359 1137 682 62 aut pro romanis etc̃. ꝙͣ .i. mag̃ contra hoc

1359 1186 678 60 s. ut debeant assumere arma contra rõa

1359 1233 680 58 nos ea audire sese .s. dicebant galli. uidelz

1357 1274 690 62 homines gentis sue .s. gallos pelli a populo

1357 1319 690 61 agris finibzqz ytalie faciendoqz stipendĩũ.

1361 1372 690 55 romanis .i. dum militant pro romanis ad

1354 1412 689 60 stipendium eciam pati ⁊c̃. indigna eadem

1337 1453 721 62 ferme ⁊c̃. ¶ Nec hospitale. Hic docz ꝙ solum

1356 1504 674 56 marsilienses amicos ĩuenerunt. dicens. nec

1354 1549 693 66 quicꝙ̃ satis hospitale .i. quod cõueniret hospi

1344 1602 707 54 ti. pacatumue .i. quod cõueniret aĩo pacifico

1359 1638 686 60 auditum priusꝙͣ uenere .s. legati marsiliã

1361 1683 669 62 ibi .s. apud marsilienses omĩa inquisita

1361 1734 676 52 ab sociis .s. marsiliensibz cognita .s. sunt.

1359 1769 680 61 cura .i. diligentia. et fide .i. fidelitate .ibi. em̃

1363 1814 676 61 cognitum est aĩos gallorum iam preoccu

1361 1858 680 62 patos ẽẽ ab hanibale. sz eciam cognnitum est

1361 1899 686 64 ne satis mitem fore illi quid̃ ip̃i .s. hanibali

1352 1952 665 56 gentem .s. gallorum ad eo ferocia atqz in do

1359 1988 673 64 mita. ingenia esse .s. gentis gallice constat

1361 2040 690 55 ni .i. nisi. ãi principum subinde .i. sepius au

1357 2084 703 56 ro concilientur cuius .s. auri gens .s. galloꝵ

1363 2131 686 53 auidissima est. ¶ Ita peragratis. Hic

1363 2170 673 61 docz in quo statu legati romani redeuntes

1363 2219 693 57 urbem ĩuenerunt dicens. ita peragratis ⁊c̃

1357 2264 705 57 haud ita multum .i. non ualde multũ post

1361 2310 690 52 ꝙͣ consules profecti erant in prouincias .s

1363 2359 689 52 que sͥ sorte contingerant ĩueneruntqz ciui

1354 2396 706 61 tatem erectam .s. spem in expectationem bel

1359 2440 678 58 li iam satis constante fama penos .i. car

1359 2487 684 58 thaginenses transisse hyberum .s. fluuiũ

1365 2530 684 58 uersus romanos. ¶ Hanibal. Hic agit

1361 2571 699 63 de apparatu hanibalis et suoz. contra rõnos

1361 2620 695 117 et circa hoc tria facit. quia p̃mo docz quo ͦ
