2266 3366
237 319 679 73 hanibal captauit beniuolentiam militũ

232 381 677 62 2ͦ quomodo beniuolentiam deorum.ibi. ha

239 424 670 60 nibal. Tertio quomodo disposuit excercitum

239 473 670 61 ibi. inde parciens. Circa pͥmum pͥmo docet

237 523 683 51 quomodo placatis militibz suis milites hy

241 561 683 61 spanos ut eos placaret conuocauit. unde dic ͭ

237 607 674 54 hanibal capto sagunto concesserat .i. tran

237 650 694 62 sierat carthaginem nouam in hyberna .i. ad

237 699 679 58 agendum hyemen. usqz ad uer. ibiqz auditis

233 748 685 56 ⁊c̃. partitisqz reliquis prede diuidendis .i.

232 791 694 52 que nondum diuise erant. ratus .i. ĩopina

228 832 688 61 tus. uel ultra conferendum conuocat mi

233 871 674 67 lites hyspani generis. ¶ Secundo cũ

232 923 683 53 dicit. credo ego captat beniuolentiam mi

232 966 688 56 litum hyspanoꝵ concedendos ut uisitent do

233 1011 682 64 mos suas dicens. O socii inquit hanibal ego cre

230 1054 679 66 do uos ip̃os cernere pacatis om̃ibz populis hy

230 1103 694 63 spanie aut sumendum ⁊c̃ aut tranferendum

228 1151 690 53 etc̃. ita em̃ florebunt bonis .i. crescent in prospe

230 1193 686 67 ritate et diuiciis. hee gentes .s. hyspanie. non

228 1237 685 57 solum pacis sz etiam uictorie .i. que sunt gentes

232 1282 688 62 non solum pacifice sz uirtutes. si queremus p̾

230 1323 681 68 dam et glĩam ex gentibz aliis. itaqz cum in

230 1380 683 54 stet nob̃ .s. milicia longinqua ab domo ĩcer

224 1421 683 58 tũqz sit quando uisuri sitis domos urãs et

230 1469 686 58 que cara sunt cuiqz ibi .s. in domibz uestris

230 1509 690 58 do cõmeatum .i. libertatem et ncͣcͣia. ad tñsitũ

226 1550 692 60 si quis ur̃m ⁊cͣ. edico tamen ut assitis .s. re

230 1600 681 60 deundo ad me pͥmo uere .i. in pͥncipio ueris

224 1643 694 62 ut diis bene iuuantibz incipiamꝰ bellum

218 1688 695 60 futurum ingentis ⁊c̃. ¶ Tercio cum d ͭ

226 1735 683 50 omibz fere. docz ꝙͣ accepta erat ista licencia

228 1776 692 60 a militibz dicens. pt̃as uisendi domos. ultro

228 1817 679 56 i. sponte oblata .i. grata erat om̃ibz fere et

226 1858 681 64 iam .i. statim. desiderantibz uidere suos et qͥ

226 1899 672 68 non statim desiderabant sz preuidentibus

224 1946 679 60 sͥ longius .i. contra. futurum desideriũ. qͥes

226 1997 687 52 etiam inter labores renouauit aĩos aut ex

224 2034 677 64 haustos .s. tedio. aut mox exhauriendos cor

226 2085 681 59 poraqz de integro .s. renouauit ad oĩa paci

224 2126 661 61 enda uero pͥmo .i. ueris initio cõuenere ad

222 2165 631 62 edictum .i. secũdũ editum hanibalis.

224 2217 666 58 ¶Hanibal Hic docz quõ hanibal capta

224 2257 657 56 uit beniuolentiam deorum. dicens. Cum

220 2300 666 58 hanibal recensuissz auxilia gentium .s.

222 2346 672 58 ad bellum exsoluit uota faciendo .s. obla

222 2393 668 56 ciones promissas profectus ad gades .i. in

222 2436 672 64 sulas ad occidentem hyspanie in quibz her

222 2483 666 62 cules colitur. obligatqz se hanibal nouis

220 2518 648 66 uotis ⁊cͣ. ¶ Inde parciens. Hic docet

220 2571 685 52 quõ disposuit excercitum. Et circa hoc tria

215 2614 698 103 facit. quia p̾mo docz quõ muniuit affricã

1122 329 691 67 2ͦ quomodo hyspaniam. ibi neqz hyspaniã

1117 379 698 67 tertio. quõ munit oram maritimam ibi

1122 422 672 67 classis. Quantum ad pͥmum dicit. inde

1124 474 674 57 i. post hec parciens .i. diuidens curas .i. soli

1124 523 677 60 citudines simul inferendum .i. ad inferẽ

1120 559 676 65 dum arcendũqz bellum ne affrica esset

1122 607 687 68 nuda aptaqz ab sicilia .i. in parte ꝑ quã

1120 650 695 60 uenitur ab sicilia dum ip̃e peteret ytaliã

1120 701 698 56 itinere terrestri per yspaniã. galliasqz sta

1117 742 681 63 tuit eam firmare ualido presidio pro eo

1118 792 683 62 s. presidio ordinando. ip̃e hanibal petiuit

1117 830 683 65 supplementum .i. qui supplerent locũ eorũ

1118 880 682 66 qui de hyspania mittendi eẽnt in affricã

1118 933 648 54 petiuit inꝙͣ supplementum ex affrica

1120 976 676 56 maxime iaculatorum. leuium armis

1118 1015 670 65 i. utebantur leuibz armis ut ẽẽnt agiles

1118 1064 678 61 ad iaciendum spicula. Et hoc fecit duppli

1117 1108 684 58 ci causa. una quia uterqz miles melior

1113 1150 664 58 futurus erat procul a domo. Alia causa

1107 1196 691 62 fuit. ut uelut obligati mutuis peticionibz

1115 1241 677 64 pignoribz facerent stipendia .i. melius ex

1117 1292 690 58 plerent stipendia militaria igitur misit

1117 1333 681 62 in affricam . xiii ͫ uiii ͨ lex pedites cecͣtos

1118 1383 668 55 i. scutatos quod̃ genere scuti quod factum

1115 1415 690 64 de corio cetri dicitur. equites ⁊cͣ. conquisito

1115 1464 700 65 ribz .s. qui querebant iuuenes aptos ad mi

1115 1516 686 60 liciam delecte .i. pͥme. et p̾cipue. iuuẽtutꝭ

1115 1563 694 52 iubz eosdem duci carthaginem presidium

1115 1602 677 56 i. ut sit carthagini presidiũ et obsides

1113 1647 692 56 s. suit aliarum urbium ne deficiant ab ⁊cͣ

1120 1688 655 60 ¶Neqz hyspaniam. Hic docz quomodo

1115 1735 681 56 muniuit hyspananiam. dicens. neqz ratus .i.

1113 1774 688 60 opinatus .s. hanibal hyspaniam negligen

1113 1815 683 66 dam atqz ideo haud .i. non minus.qz haud

1115 1870 681 48 i. non ignarus erat eam circuitam a ro

1115 1907 671 60 manis legatis .s. ut aliceretur in societatẽ

1115 1950 683 52 romanorum. unde dicit ad solicitandos .i. in

1113 1989 685 64 ducendos solicite aĩos pͥncipum .s. ad defec

1109 2036 696 54 tionem a penis destinat eam prouinciam

1113 2085 681 52 hasdrubalis ⁊cͣ. firmatqz maxime cum

1111 2120 689 69 presidiis affricis que habebant . xi ͫ affro

1111 2172 677 62 rum peditum et cum liguribz octingen

1109 2214 676 59 tis quĩquaginta balearibz .s. qui in ha

1111 2260 674 58 bitant insulas que baleares dicuntur.

1115 2298 679 58 ccc additi .s. sunt equites ad hec auxilia

1109 2341 685 61 peditum libii .s. qui inhĩtant libiam. fe

1113 2391 694 54 nices. a fenicea dicti punicum genus mix

1103 2436 704 62 tum affris .i. qui fenices sunt de genere pu

1107 2475 689 66 nico quod mixtum affris. qui omnes fece

1109 2526 687 58 runt equites. ccc. et numide. qui sũt gens

1105 2563 696 64 quedam affrice. mauriqz accole occeani. a ͣ

1103 2616 691 110 s. gens inhĩtans oram maris. ad iii.m.
