2226 3393
454 339 670 68 uiii.ͨ et manus .i. pt̃as parua uergetum ex

456 382 683 68 hyspania. cc equites et ne quod .i. aliquod

452 433 702 64 genus terrestris auxilii deeẽt .s. p̾sidio hyspa

458 478 675 64 nie elepanti .xiiii .s. dati sunt ab hanibale.

467 520 678 68 ¶ Classis. hic docz quomodo hanibal mu

460 569 688 64 niuit regionem maritinam. dicens p̾terea

458 610 692 70 classis .i. multitudo nauium data est tuende

458 655 677 70 ore maritime .i. ad defendendum regionem

460 706 688 63 maritimã quia poterat credi romanos ge

458 746 690 70 sturos rem. tum .i. eo tempore ea .s. parte. qua

460 789 683 74 parte belli uicerant .s. prius in bello pͥmo.

462 835 701 64 punico supponens autem numerum nauiũ

462 882 690 68 dicit. ꝙ erant qͥnquagnnita qͥnqz remes .i. ha

464 929 701 68 bentes qͥnqz ordines remorum quadriremes

464 974 688 66 i. hñtes quatuor ordines remoꝵ. due trire

465 1017 687 70 mes .i. heñtes tres ordines remorũ. qͥnqz sz

465 1063 693 64 inter has apte .s. magis ad bellum. instruc

462 1110 660 58 teqz. xxxii quĩqz remes erant et cetera.

469 1153 696 66 ¶ Ab gadibz. Hic incipit prosequi de bel

467 1196 695 61 lo gesto pͥmo agens de hiis que gesta sunt

467 1238 691 66 ante aduentum hanibalis in ytaliã. 2ͦ de

465 1287 687 60 gestis post aduentum eius in ytaliã. ibi

464 1328 673 70 Taurinis. Circa pͥmum duo facit. quia

465 1379 691 57 primo agit de hiis que gesta sunt anteꝙͣ

467 1415 702 76 hanibal determinaret se iturum in ytaliã

458 1468 711 58 2ͦ de hiis que gesta sunt postꝙͣ determina

471 1511 675 66 uit se iturum in ytaliam ibi. itaqz hani

467 1562 678 59 bal. Circa pͥmum tria facit. quia pͥmo

471 1604 677 52 agit de hanibale a noua carthagine pro

469 1643 681 62 gressu. 2ͦ de quodam in ytalia bello motu

473 1688 673 63 ibi. interim. Tercio de romanorum et pe

471 1730 685 60 norum ad rodanum ꝯcursu .ibi. et corne

471 1770 685 64 lius. Circa pͥmum duo facit. quia pͥmo

471 1822 681 57 agit de sompnio quod hanibali apparuit

465 1862 687 60 2ͦ docz quomodo in galliam transiit ibi

475 1903 658 59 hoc uisu. Quantum ad pͥmum dicit. re

473 1950 692 55 diit .s. hanibal ab gadibz post uota soluta

471 1988 685 60 herculi. carthaginem ad hybernam exc̾

471 2035 691 66 citus. ubi excercitus transegit tempus

473 2079 685 62 hybernum. inde profectus hanibal ducit

473 2126 658 54 s. excercitum preter omissam .i. iuxta o

477 2167 677 59 missam urbem ad hyberum maritĩam

475 2211 685 58 oram .i. que est ora et regio maritima. fa

479 2256 692 55 ma est ibi .i. in illa regione iuxta hyber

479 2299 683 57 iuuenem uisum ab eo .s. hanibale. ĩ qͥete

477 2343 679 56 diuina specie .i. qui hũit quandam simi

475 2384 690 66 litudinem dei. qui drẽt se missum ab ioue

475 2427 688 64 ducem hanibali .i. ut ẽẽt dux hanibalis in

479 2471 698 64 ytaliam proinde sequeretur .s. hanibal. neqz

477 2516 668 64 deflecteret usꝙͣ oculos a se .s. qui dux erat

477 2565 669 57 pauidum primo .s. hanibalem nusꝙͣ cir

477 2606 692 123 cunspicientem secutum .s.  ẽe iuuenem .s.

1348 333 674 59 uisum est. deinde cum cura .i. solicitudine.

1352 380 674 64 humani ingenii agitaret aĩo quid nam

1350 424 683 66 ⁊c̃. neqͥuisse eum .s. hanibalem temperare

1352 465 657 68 aĩo oculisqz .s. qͥn illud respiceret. fama

1352 510 679 74 autem uidisse post se ferri serpentem etc̃.

1352 559 681 66 ac post insequi nimbũ .i. impetuosam plu

1352 606 692 68 uiam. cum fragore celi .i. tonitruo tñ fama

1352 650 677 64 est querentem eum .s. hanibalem que mo

1352 699 675 56 les ea .i. que eẽt illa magnitudo sompnii

1352 738 685 66 quidue prodigii ẽẽt audiuisse .s. ab illo iuue

1352 784 694 64 ne uastitatem ytalie .s. significare illud pro

1354 829 675 62 digium. porro pergeret ire .i. prosequeretur

1350 867 683 73 suum. nec ultra inquirere sineret q̃ fata

1354 914 687 69 i. disponens futuroꝵ euentuum in occul

1352 959 677 66 to esse. ¶ Hoc uisum. Hic agit de tran

1354 1010 696 64 situ hanibalis in galliam. Et circa hoc duo

1348 1059 702 58 facit. quia pͥmo docz quomodo peni gallias

1350 1097 685 64 transierunt. 2ͦ quomodo galli turbati fue

1358 1147 686 59 runt .ibi. galli. Cͥca pͥmum duo facit. quia

1358 1193 683 60 pͥmo agit de transitu fluuii .s. hyberi. 2ͦ de

1358 1236 669 58 transitu montis pirenei . ibi. postꝙͣ per pire

1360 1281 681 63 neum. Circa primum duo facit. quia pͥmo

1360 1330 686 59 docz quõ excercitum ultra hyberum tradu

1356 1374 688 58 xit dicens. letus .s. hanibal. hoc uisu traiec ͭ

1356 1411 698 64 copias .s. militum hyberum tripertito .i. diui

1354 1462 692 68 sas in tres partes. et hoc premissis .s. aliqͥbz

1350 1508 693 58 tanꝙͣ nunciis qui conciliarent .i. in ami

1358 1549 698 58 ciciam traherent. donis .i. per dona aĩos gal

1358 1594 681 61 lorum. qua .s. parte gallie traducendus

1360 1639 681 61 erat excercitus .s. penorum specularetur

1362 1683 696 64 qz transitus alpiũ .i. montium inter gal

1362 1732 690 62 liam et ytaliam traduxit hyberum .s. ha

1365 1781 674 56 nibal nonaginta milia peditum .xii.ͫ

1362 1819 692 56 equitum. ¶ Secundo cum dicit. lergetes

1362 1862 684 64 docz quomodo quibusdam populis subactꝭ

1362 1896 694 66 quemdam hannonem nomine prefecit. di s

1362 1950 692 59 subegit inde .i. post hec lergetes bargutosqz

1360 1994 683 53 et anxietanos nomina sunt diuersorũ po

1362 2030 688 69 pulorum. et acquitaniam que est subiecta

1363 2081 681 62 montibz. pireneis. prefecit que huic ore .i.

1362 2126 692 53 regioni. prefecit hannonem ut in pt̃ate .s.

1362 2167 696 59 penorum eẽnt fauces .i. aditus locorũ angu

1358 2212 685 63 storum que iungunt gallias hyspanis.

1365 2260 681 54 mille equites et xiii milia peditum. data

1362 2301 688 59 sunt hannoni ad presidium obtinende re

1362 2344 681 63 gionis .s. in subiectione. ¶ Postꝙͣ. Hic

1363 2392 681 54 agit. de transitu montis pirenei. Et circa

1362 2431 688 62 hoc tria facit. quia primo docz quomodo qͥd

1365 2482 691 55 carpentanorum ab hanibale discesserunt

1367 2520 685 62 dicens. postꝙͣ ceptus est excercitus traduci

1367 2567 696 64 per saltum pireneum certiorqz rumor de bel

1363 2614 674 111 lo romano manauit auertunt iter inde .i.
