2266 3373
208 329 674 72 a transitu pirenei tria milia carpentãoꝵ

208 387 676 55 peditum constabat .i. notum erat istos non

204 430 675 60 tam bello motos .s. ad recedendum ꝙͣ longi

208 474 646 60 quitate uie. transituqz alpiũ ĩsuꝑabili.

206 519 650 56 ¶ Secundo cum dicit hanibal. docet

208 562 646 63 quomodo hanibal recessum carpentanorũ

202 603 656 69 dissimulauit dicens. hanibalqz anceps.

202 661 671 58 erat .i. dubius reuocare aut ui retinere .i.

208 708 680 52 ad reuocandum qui discesserant uel ad uio

204 747 669 64 lenter retinendum alios ne discederent. ne

206 792 678 60 irritarentur eciam ãi feroces alioꝵ remisit.

204 832 675 65 domos .sͣ. uii milia ho ͫ quos ⁊ ip̃e .s. hanib.

200 884 680 60 senserat grauari milicia simulans quoqz

200 923 673 72 carpentanos a se .i. a sua fidelitate diuisos

206 968 669 66 ¶ Tercio cum dicit. inde. Docz quomo ͦ

200 1017 682 62 dimissis carpentanis transiuit pireneum

198 1066 681 54 dicens. inde .s. post discessum carpentanoꝵ

194 1101 677 68 ne mora ⁊c̃. sollicitaret aĩos .s. ad discedend̃.

194 1156 670 54 sicut carpentani dissesserant cũ reliqͥs ⁊cͣ.

200 1201 665 52 ¶ galli. Hic docz quomodo galli de adũe

191 1242 673 60 tu penorum turbati erant. et pͥmo eorum

191 1291 671 56 turbacionem ponit. 2ͦ docz et quomodo ha

196 1334 666 56 nibal eam sedauit. ibi quod uͥ. Quantum

198 1377 679 56 ad pͥmum dicit. galli ꝙͣuis audiebant yta

196 1420 651 60 lie ⁊ non sͥ bellum. tum quia fama erat

198 1465 656 60 hyspanos trans pireneum subactos ui .s. ẽẽ

196 1517 677 58 penis presidiaqz ualida imposita .s. ad tenẽ

196 1559 677 54 dum hyspanos in subiectiõe aliquot popłi.

196 1600 681 60 cõueniunt rustinonem consternati .i. con

193 1645 682 65 sternatione moti ad arma metu seruitutis

198 1692 675 63 i. timentes ne peni uellent eos redigere in ser

200 1740 665 51 uitutem. ¶ Quod ubi.Hic docz quomodo

196 1785 679 51 hanibal hanc turbacionem gallorum sedau ͭ

194 1825 645 58 primo per legatos dicens. quod uͥ .i. postꝙͣ

196 1868 669 56 nuntiatũ est hanibali metuens .s. hanibal

196 1909 666 56 magis moram .i. tardationem ꝙͣ bellũ mi

194 1954 683 56 sit oratores .i. uiros eloquentes ad regulos eoꝵ

194 1999 679 56 s. gallorum per quos mandauit se uelle col

194 2042 656 64 loqui cum .s. regulis. Et ideo optabat. ut

193 2087 672 66 uel illi .s. reguli ꝓpius accederent ĩ liberim

193 2128 680 66 nomen oppidi ubi erant castra hanibał.

193 2175 665 68 uel se processurum .s. dicebat rustinonem

193 2226 650 56 nomen est oppidi. ubi galli cõuenerant

191 2269 663 62 ut ex ꝓpinquo congressus .s. ad colloquiũ

194 2310 660 64 eẽt facilior. nam dicebat hanibal et se le

189 2353 652 68 tum accepturum eos .s. gallos in castra

193 2404 686 62 nec se ip̃m cunctanter .i. dubitanter uen

187 2447 677 58 turum ad eos. qͣi dr̃et tm̃ de uob̾ confido qd̃

191 2488 667 58 letanter uos recipiam et confidenter ad

193 2535 648 58 uos accedam. dicebat enĩ se aduenisse

189 2576 691 60 gallie hospitem non hostem nec si liceat per

185 2619 686 128 gallos .s. transire stricturum añ gladium

1083 329 667 70 etc̃. et per nuncios. quid̃. hoc .s. mandauit.

1087 380 676 65 ¶ Secundo cum dicit. ut uero. docet quo ͦ

1079 427 686 63 per se largiendum dona. aĩos galloꝵ allexit

1079 474 688 65 dicens. ut .i. postꝙͣ uero reguli gallorũ. uene

1083 528 688 56 runt. haud .i. non grauate ad penum .s. ha

1081 571 684 56 nibalem et hoc motis castris ad illiberum. uͥ

1081 612 682 64 erant castra penorum. transmiserũt .i. trã

1079 655 688 64 sire permiserunt in ytaliam excercitũ .s. pẽoꝵ

1075 704 696 54 per fines suos cum bona pace preter .i. iuxta

1077 747 694 66 opidum rustinonem. hoc autem fecerunt

1079 796 692 58 capti donis .s. penorum. ¶ Interim. Hic

1075 835 684 60 agit de quodam tumultu in ytalia susci

1075 876 692 72 tato. cius pͥmo occasiõem ponit. 2ͦ. hunc

1064 929 695 60 tumultum describit. ibi. itaqz armis. Ꝙ

1068 976 699 60 tum ad pͥmum dicit interim nichil ultra

1068 1021 675 63 ꝓlacum erat romam a legatis marsilie

1072 1068 697 52 siue ꝙͣ hanibalem transisse hyberum cum

1073 1109 690 64 boi. nomen est cuiusdam populi solicitatꝭ

1075 1159 686 57 insubribz. nomen est alterius populi. de

1068 1203 697 52 fecerunt .s. a fide populi romani. ꝑinde ac

1073 1242 698 58 si iam transissz .s. hanibal alpes. facta aũt

1073 1287 694 62 est hec defectio boioꝵ. et insubriũ. non tam̃

1072 1332 665 62 ueteres iras imꝑatorum .s. romanorũ. ꝙͣ

1075 1381 683 60 quod egre paciebantur deductas nuper co

1073 1424 681 54 lonias .s. romanas in agrum gallicũ ccͣ.

1073 1463 696 67 padum .s. fluuium. placenciam cremonã

1073 1510 688 64 qz .s. urbes. ¶ Itaqz arma. Hic proseq̃r

1075 1553 671 64 describendo. hunc tumultum. Et circa hoc

1066 1596 682 60 tria facit. quia primo docz quõ boii ⁊ insu

1075 1649 683 58 bres agrum predictum inuaserunt. unde

1073 1693 696 55 dicit. itaqz repente armis arreptis tantum

1066 1735 697 56 terroris ac tumultus fecerunt .s. boii et in

1072 1782 682 56 subres facto impetu in eum ip̃m agrum

1073 1825 668 52 s. in quem misse erant colonie romane

1075 1862 688 58 ut non modo .i. tm ͦ agrestis multitudo. sed

1073 1907 683 62 ip̃i triũuiri qui uenerant ad assignand̃.

1070 1950 691 58 agrum .s. colonis diffisi menibz placentie

1070 1991 680 62 i. non satis confidentes ꝙ possent defendi

1072 2031 693 69 muris placencie urb̃ .s. confugerunt mu

1064 2083 699 64 tinam nomen ciuitatis est. ¶ Secundo

1073 2126 692 60 cum dicit Q. lutacius. docet quomodo isti

1073 2168 690 69 populi legatos fraude captos detinuerũt

1072 2220 691 60 pͥmo ponens nomina legatorum. dicens

1075 2261 681 62 Q. lutatius .A. seruilius. ⁊c̃. 2ͦ docz ꝙ de

1077 2316 681 50 quibusdam istorum in annalibz dubi

1075 2351 688 64 tatur. dicens. lutacii nomen haud .i. nõ

1073 2392 683 66 dubium est. sz paulo seruilio quidam ã

1073 2439 698 64 nales hũt .q. acilium. et Cñ heremnium

1073 2492 696 50 alii .p. cornelium asmam. et q. papiriũ

1072 2526 687 61 nasonem. nec solum dubitatur sic de no

1072 2565 695 69 minibz legatoꝵ. sz illud quoqz dubiũ est

1072 2617 693 133 s. legati missi ad postuland̃ .s. iusticiam
