2578 3508
497 1543 421 56 Sil me plaist a parler en une ꝑtie

500 1569 430 68 de mon euure de ce dont pluseurs

506 1622 424 55 autres scriptures ont parle a com-

494 1645 418 70 mencement de la leur. Cest adire

497 1689 421 62 de la guerre plus memorable qui

497 1736 407 53 oncques encore furent faittes la

482 1753 451 74 quelle ceulz de cartage orent avãt

497 1794 421 71 les romains. soulz hanibal leur

488 1835 430 71 duc empereur. Car pour uoyr õc-

301 1879 609 62 ques mais gens ne citez de pluseurs richesses ou

298 1914 626 68 qui plus eussent de puissance ou de force ne qͥ plꝰ

295 1958 626 64 eussent dart ne de soubtilete de batailler norent a

289 1993 629 70 faire ensemble de nul fait darmes. Car certaine-

295 2028 615 70 ment lune partie 7 lautre auoient este li apris 7

289 2066 638 73 exc̃citez en fait darmes en la premiere bataille pu

280 2116 621 64 nique. car a ceste foys la fortune de la bataille a

283 2157 635 64 este si doubteuse que ceulz qui furent uicteurs fu-

286 2183 632 76 rent a pou plus pres de peril. que les uaincuz. Et

283 2230 624 73 encore en leurs guerres furent leurs haynes plus

286 2262 626 79 grans que leurs pouoyrs. Car les romains estoi-

289 2309 612 67 ent indignes de ce que ceulz de cartage premiere-

280 2341 624 79 ment uaincuz osoient inferer armes volente-

286 2379 632 76 rement a leurs uicteurs. Cest adire aus romaĩs.

280 2420 638 79 Et les penois estoient courrouciez de ce qui leur

286 2458 632 82 sembloit que les romains orgueilleusement et

280 2502 630 111 auerement auoient seignoury et impere a eulz

1062 1525 626 76 uaincuz. Incident ¶ Cartage estoit une cite

1062 1578 652 61 tres noble et tres puissant assise en affrique su̾

1065 1622 635 61 la mer la ou est orendroit la cite de tunes la re-

1065 1666 629 52 gion auoit nom lors penye. si que par toute

1065 1695 646 64 ceste oeuure les cartagois sont appellez penois.

1062 1736 638 67 Et leurs batailles les batailles puniques.

1065 1777 620 93 Cest la cause et pour quoy de la seconde guerre

1068 1815 190 55 pugnique

1629 1821 65 55 .I.

1179 1830 535 87 Ce fu donques le commencement de la

1185 1891 532 70 seconde bataille punique.Car si cõme

1173 1932 509 58 disoit fame comme hanibal filz du

1076 1961 629 70 roy amulcar qui encore estoit enfes de .ix. ãs

1062 2005 620 67 la ou il uit que amulcar son pere ueullans

1076 2049 635 64 son ost transferer en espaigne apres la bataille

1068 2084 643 67 daufrique consomee sacrefioit aus diex se esfor-

1062 2125 635 67 ca purillement de blandir ⁊ de supplier le dit

1062 2172 620 61 son pere a fin que il le menast auecques luy

1065 2207 635 64 en espaigne la quelle chose ia ce fust le pere ne

1062 2245 646 67 le uousist pas faire neant moins le aprocha il

1062 2288 629 68 des autieux touchees les choses saintes le atra-

1062 2329 646 71 ist il par serment que au plus tost quil pour-

1059 2367 649 73 roit quil seroit ennemy du pueple romain.

1065 2408 617 68 Car trop forment angoisoit le dit amulcar

1062 2449 646 65 comme homme de tresgrant esperite. Cequele̾

1059 2484 652 76 penois auoient perdues les ylles de cecille. et de

1065 2528 638 91 Sardaigne. Car cecille auoit este baillee aus
