2476 3462
880 426 640 67 romains par hastiue desesperance. Et sadargne

880 464 640 66 par fraude leur auoit este soustraite. Et auec ce

880 499 649 75 auoient les romains impose bataille aus penois

883 542 608 66 en la premiere bataille punique quil auoient

880 582 635 61 eue en afrique. Et pource ⁊ pour linsecution de

877 611 664 69 cestes choses fu si dolans et angoissies le dit amul-

880 654 620 67 car que il se porta si fierement contre les romaĩs

880 692 643 66 par .v. ans es batailles daffrique apres la paix

877 732 635 67 romaine et par .ix. ans en espaigne que bien

877 776 635 63 aꝑeissoit quil auoit en courage de fere contre

874 813 632 66 les Romains aucune autre bataille ou guerre

880 851 611 66 plus grande que nestoit celle de lors. Et q̃ cil

877 891 638 63 eust uescu les penois eussent infere armes ay-

877 928 635 70 talie soubz lui dessus dit amulcar. si comme

883 966 611 66 il firent puis apres dessoubz hanibal. Mais

880 1006 614 61 la mort du dit amulcar et lenfance du dit

874 1041 646 66 hanibal son filz differerent et delaierent la g̾-

888 1087 130 58 re dytalie

891 1119 580 72 Comment hasdrubal fut fait empereur de

880 1159 585 67 cartage.  .ii.

998 1168 488 95 Entre amulcar et son filz hanibal fu

1004 1240 499 58 empereres de cartage uns cheualiers

1004 1286 496 58 appelles hadrubal. Que si comme lẽ

880 1309 611 75 disoit comunement auoit este en la flour de

877 1355 632 67 son aage conseilliez famillierement au dit a-

883 1399 614 57 mulcar. Et pource que le dit amulcar uit le

883 1428 620 66 dit hadrubal estre iouuencel de bonne industrie

874 1465 638 69 il li auoit donne sa fille en mariage. Et aussi

877 1511 626 61 pour cause de ce qu il estoit gendre de lempereur

874 1549 629 63 amulcar dessus dit. Cest adire que il estoit son

874 1592 617 61 concubin ou fait de sodomie. Et aussi pource

874 1632 609 55 quil estoit de grant linage qui faisoit grant

871 1661 644 67 partie en la cite la quelle estoit appellee la partie

871 1705 626 57 brachine la quelle estoit plus habondans en ri-

871 1742 632 61 chesses. Et quant aus cheualiers ⁊ quant au

874 1780 615 57 pueple les princes du pays lauoient esleu a

871 1814 635 64 estre empereur de cartage apres la mort du dit

874 1857 612 58 amulcar pour la cause de ce que le dessus dit

871 1889 623 69 hanibal estoit encores enfes si comme dessus ẽ

865 1927 612 69 dit. Comment hasdrural fut occis par un

869 1998 629 17 barbarin. .iii.

1001 1979 505 95 Cestui empereur hadrubal uolt plus

1001 2048 505 69 user a son temps de conseil que de pois-

894 2077 595 78 sance. Et sesforca dapaisier et daccor-

871 2120 594 69 der a soy les courages des rois. Et par les

865 2172 632 58 roys les uolentes des gens. Et ainsi il acrut

868 2215 615 55 et augmenta a son temps lempire de cartage

868 2250 615 63 plus par aministrance que par armes. Mes

859 2284 638 61 encore ne pot il auoyr seurte de paix.Car uns

865 2325 635 60 barbarins par ire et par uengance de la mort de

868 2365 641 64 con seigneur le quel hadrubal auoit iadiz oc-

862 2400 629 69 cis le tua. le quel barlarin pris ⁊ saisis de celz

862 2449 653 60 qui estoient entour. Et supposez aus tourm̃s

862 2489 629 64 sans nuiance dabit ne de uoult enris et en le-

859 2527 653 92 esce le lessa occirre ⁊ depecier tant auoit il gͣnt

1665 450 606 60 ioye de ce qu il auoit occis le dit hadrubal. et quil

1665 478 637 64 auoit uengie la mort de son seigneur auec cestui

1659 504 632 90 hadrubal pource quil estoit de merueilleux art ⁊ sol-

1659 553 640 73 liciter gens estranges ⁊ ales ioindre a son empire

1659 597 623 69 auoit li pueples romains renouuelle aliances.

1659 631 623 67 Et auoient ensemble ordene que le fleuue de eure

1659 669 612 69 qui passe par my espaigne fust fins enuoyes et

1659 712 603 66 liures des deux empires de rome et de cartage.

1662 747 620 72 Et que aus sanguntins qui estoiẽt ou milieu

1656 778 635 73 des.ii.empires fust liberte gardee et dune part

1662 830 617 64 et dautre . Comment hanibal fu fait empereur

1670 865 601 66 de cartage. . iiii.

1789 897 482 72 Mort hadrubal. de lassentement de tout le

1783 940 490 69 pueple auec la faueur des cheualiers fu

1777 972 476 75 hanibal qui encores estoit iouuencel

1659 1012 609 69 menez en pretoire. Cest en la court ⁊ ou palais

1659 1058 629 64 du senat de cartage. Et ylec fu empereur insti-

1662 1099 606 63 tues et appelles en lieu de hadrubal sõ serourge.

1659 1142 591 61 cestuy hanibal auoit iadiz appelle par lettres

1662 1177 609 60 le dessus dit hadrubal.Et aussi auoit on traitie

1665 1211 606 64 tou senat de cartage par la industrie ⁊ efforcemẽt

1653 1246 606 72 des brachins que hanibal sa constumast aus

1662 1289 594 64 fais de cheualerie. et que il succedast aus fais

1656 1324 606 69 et richesses son pere. Mais hania uns princes

1656 1370 594 58 de lautre partie de la cite auoit ainsi respondu

1656 1407 606 64 au senat il semble dist il que hadrubal demãde

1659 1445 589 58 iuste chose entant quil ueult auoyr auec lui

1656 1482 635 58 hanibal le iouuencel en lost. Mais toutefois

1656 1517 620 63 ie ne my assens mie par la quelle sentence la q̃l-

1653 1560 609 58 le sembloit en soy auoir contrariete comme

1653 1595 609 63 il ueist tous estre merueillens. Si se commẽca

1653 1638 612 58 a declarier par telle maniere la fleur dist il de

1647 1676 601 57 le aage que hardrubal habandonna iadiz au

1650 1707 612 67 pere de hanibal. cest a amulcar ueult hadrubal

1647 1751 615 57 celui semble repeter iustement de son filz hani-

1647 1791 606 52 bal. Mes pour tant dist il naꝑtient il pas a

1644 1829 609 54 nous que soubz semblance daprendre lart de

1647 1860 615 67 cheualerie nous habandonnons nos iouuẽ-

1647 1906 603 58 ceaux a la luxure des preteurs. Hee dist il a-

1647 1944 618 61 uons nous paour que le filz de hadrubal uo-

1647 1987 603 61 ye trop tart les empires et lesperauce du roy

1647 2019 606 61 aume son pere. Et que nous seruons trop

1647 2057 615 63 tart au filz de celui au gendre nous õt este

1647 2103 618 57 lessies comme par heritage ie dist il touz seulz

1644 2140 606 55 extime tout le contraire. Cest adire q̃ cestui

1650 2175 618 63 iouuencel hanibal doit estre tenuz a lostel souz

1647 2212 624 58 maistres et soubz loys pource que alauenture

1642 2247 631 63 cestui petit feu suscite et esleue grant embrase-

1633 2287 646 61 ment pour de ceulz de senaz. Mais toutefois les

1592 2328 656 60 meilleurs de tous sassentirent a lopinion de

1644 2362 621 70 hania. mes si comme trop defois a nient la

1650 2414 595 61 plus grant part uaint la meilleur.

1771 2452 482 66 Comment hanibal uint en espaig-

1794 2495 451 55 ne. .v.

1774 2515 491 101 Hanibal enuyoes tramis en espaigne
