2578 3536
294 439 626 85 a soy conuerti trestout lost des penois. si queles

292 483 631 76 anciens cheualiers crurent son pere amulcar le̾

286 515 657 83 estre rendu tout uiuant quar il leur sembloit

300 565 620 71 quil ueissent en lui celle meisme uigour en uolt

262 595 673 79 en yex en bouche et en semblauce de corps comme

294 642 635 68 il auoient iadiz ueu son pere amulcar. Si que

297 683 632 62 il fist que dedens brief temps il fu pou de memoi-

294 721 617 65 re de la ualleur de son pere. Cy parle des uertuz

297 754 629 68 et du grant ardement et des faiz darmes qui fu-

306 798 590 65 rent en hanibal.  .vi.

424 819 505 76 Les uertuz hanibal furent moult mͬ-

412 872 505 62 ueilleuses. car oncques ne fu engin

415 916 487 62 domine plus pres ne plus habile

303 942 620 71 a diuerses choses faire ⁊ commander. Si q̃ aĩs

297 987 652 64 oncques pouoit on bien discerner a cuy il estoit

297 1025 617 68 plus chiers a lempereur hadrubal ou a son

297 1060 649 65 ost ne ny auoit nul a qui hadrubal cõmeist

297 1102 632 61 aucun negoce en quel il fust neccessaire fourni-

294 1146 629 62 ent et uaillãment ouurer plus uoleutiers q̃

300 1190 623 59 a lui ne soubz le quel capitaine les cheualiͬs

297 1222 599 59 eussent plus de fiance ou plus de hardement

294 1258 620 62 hanibal fu homme de tresgrant conseil en toꝰ

294 1290 641 68 perilz. et auant le fait ⁊ dedens le fait de sõ corps

297 1334 640 65 ne pouoit estre uaincuz de nul labour. il estoit

300 1376 626 59 pacient de froit ⁊ de chaleur de boire ⁊ de men-

300 1411 617 59 gier estoit en lui en desir naturel non pas en

297 1452 649 56 delectacion la maniere ferme et attrempee de ma-

294 1485 629 62 nieres fermes de ueillees de sõmes auoit il ses

294 1526 620 59 temps diuersement ordenez tant de nuit cõ-

300 1558 629 59 me de iour. Car seulement le temps qui rema-

297 1597 640 61 noit de ordener ses negoces donnoit il a repous

297 1644 617 50 le quel repouz nestoit nul temps eun lui procure ꝑ

297 1670 638 62 lit mol ou par sillence. Car moult de fois fu il cõn-

294 1712 635 58 roucies gisans a la terre entre les gardes ⁊ staci-

289 1741 625 68 ons des cheualiers couuert dun mantel. La

292 1794 640 56 robors labit de lui nestoit point excellent en-

297 1829 599 56 tre les autres compaignons entour lui ne

294 1865 617 56 ueist on mes armes. et cheuaux de ceulz de

297 1906 605 53 cheual et de ceulz de pie tousiours uouloit il

292 1935 619 62 estre premiers ⁊ auant tous les autres aler

294 1977 632 56 a la bataille. Et la bataille faitte sẽ retourner

294 2021 623 56 derrieres. Mes pour certain cestes tantes uͬtus

289 2044 637 68 de hanibal diminuoit grant uice qui estoit en

283 2086 654 70 lui. Car pour certain en lui habondoit crual-

289 2133 634 65 te en humaine ꝑfidie ⁊ tricherie plus que pu-

289 2174 637 59 nique norent deuoir ou desaint nulle crainte

286 2210 654 61 de dieu. nul seͬment garde nulle religion auec

289 2248 637 65 ceste meclee de uices ⁊ de uertuz milita trois ãs

289 2289 610 62 le dessus dit hanibal par dessoubz hadrubal

292 2327 651 68 qui lors estoit empereres de cartage sanz trespas-

283 2360 646 76 ser aucune chose ou sanz delaissier aucune cho-

289 2407 637 68 se faire ou entreprendre qui peust ou deust a-

283 2436 631 83 partenir homme. qui ou temps auenir de-

289 2486 595 59 ust estre grant seigneur. Comment hanibal

283 2516 634 103 uint a ost en la terre de holcades et comment il

1067 447 652 50 prist leur cite. .vii.

1191 459 534 65 Hanibal des celle iourne que il fu decla-

1191 500 510 68 re duc et empereur des penois aussi cõ-

1194 530 546 77 me la ꝓuince dytalie ⁊ la guerre romai-

1079 580 628 68 ne. li eust este decrete et commandee ne uoult plus

1073 615 646 68 la choce differer aincois a fin que aucuns ne lui em-

1079 660 622 67 peschast son propous si comme amulcar ⁊ hadru-

1073 692 646 77 bal empereurs dessus diz auoient este empeschiez en

1073 736 643 71 leurs temps dela ditte guerre dytalie. cõmencier

1076 777 620 71 et parfaire il ordena tantost que il feroit guerre

1029 813 684 76 contre ceulz de sangunce par la quelle chose il sa-

1070 857 629 65 uoit bien que les armes romaines se mouue-

1070 898 629 65 roient. Mais a fin rebundre sa male entenciõ

1070 931 643 70 il uault faire guerre premierement aus gens

1070 978 617 59 dylec entour. Et amena son ost par la terre

1067 1001 634 77 des olcades qui estoient assiz par dessus le fleu-

1067 1049 661 64 ue de eure. et prist leur principal cite appellee car-

1064 1093 658 65 taie et la gasta ⁊ despoilla pour paour dela q̃l-

1067 1137 646 65 le prise les autres citez ⁊ villes du pays se ren-

1073 1181 620 62 dirent a lui et receurent le creu que il leur op-

1073 1214 649 70 posa. lors mena il son ost uictorien ⁊ riche plaĩ

1073 1258 628 59 de proye pour mener a cartage la neuue. Et y-

1073 1290 614 65 lecques donna ⁊ deuisa largement la proye

1070 1326 646 67 que il auoit gaigniee. Et paia tous les gage̾

1073 1370 631 65 que il deuoit du temps passe. Et quant le

1070 1408 617 62 temps deuer fu reuenu hanibal a mene son

1073 1449 626 59 ost contre ceulz debactee. Et ylec prise par for-

1067 1488 626 59 ce .ii. grandes citez. cest adire le uandique ⁊

1067 1520 658 65 harbocale la quelle harbocale fu longuement

1064 1558 640 68 deffendue de ceulz du pays des cartiens pour

1070 1605 623 59 ceulz du pays. Ceulz qui sen estoient fouis

1067 1644 617 56 de la cite de hermandique auec les exilliez de la

1064 1676 652 65 gent des alcades prise ⁊ concquise par hanibal.

1064 1714 629 65 lannee precedent solliciterent les carpantains

1061 1753 640 62 et enuoyerent hanibal pres du fleuue que on

1064 1791 632 62 appelle tagus ⁊ troublerent son ost qui sen

1061 1829 640 62 tournoit chargie de proye du pays de uactee la

1064 1868 643 67 quelle chose hanibal dissimula ⁊ nen fist chie-

1064 1915 637 53 re et se eslonga sus la riue du fleuue. et fist ꝑ

1064 1947 658 68 nuit secretement passer ague son ost de lau-

1061 1980 676 73 tre part du fleuue. si comme cil sen uousist fouir

1064 2030 646 59 et que il nosast donner bataille a ses ẽnemis.

1067 2068 637 65 Et se loga assez loing du fleuue pour leur dõ-

1064 2106 649 65 nes espasse de passer. Et commanda a ses gens

1067 2151 626 56 de cheual que tantost quil uerroient leurs ẽ-

1064 2186 658 65 nemis en lyaue pour passer apres luy il les en-

1064 2227 649 65 uaissent aꝑtement et les gens de pie ⁊ en la ri-

1058 2263 632 64 ue ordena .xl. oliphans bien auoit en lost

1061 2304 655 68 des carpentains orcades ⁊ patees .Cͫ ꝑsõnes

1064 2348 637 68 et si estoient gens inuĩsibles se il le fussent cõ-

1064 2386 629 68 batuz en champ egal. Et si estoient dengin

1061 2425 646 64 ferouche. et tant pour la grant multitude des

1064 2466 661 74 gens quil auoient comme pource quil leur

1064 2504 649 71 estoit auis queleur ennemi sen estoiẽt fouy

1061 2542 652 112 il leur semoloit que seulement le fleuue qͥ
