2476 3462
888 392 667 89 estoit entre deux empeschoit la uictoyre. Et poͬce

891 438 629 78 sanz ordre et sanz commandement chascuns se

894 476 638 75 mist en son endroit dedens le fleuue. Mes grant

888 516 635 72 plante des gens de cheual hanibal qui estoient

891 559 655 64 sur la riue leur alerent au deuant iusques au

888 597 650 63 milieu du fleuue. si que ylecques lune partie

891 637 670 64 deulz fu noye parle rancontre des gens hanibal.

888 669 673 69 Lautre partie qui pot passer oultre fu opprimee

891 721 647 57 des oliphans qui estoient a la riue ⁊ les derre-

891 758 658 61 niers sen retournerent par deuers la riue dõt

888 793 655 69 il estoient. Mes auant quil peussent estre rasẽ-

891 836 638 61 bles. et receu courage de celui grant effroy. ha-

888 877 647 66 nibal passa le fleuue en un lieux et les en fist

885 911 632 69 dessus la rine. Et se prist a gaster le pays.

888 954 647 67 si que dedens pou de temps les cartayens se ren-

888 992 641 63 dirent a lui. Et aussi tous les pays qͥ estoient

885 1032 632 67 par dela le fleuue de eure furent de la seignou-

885 1073 644 66 rie de cartage for que ceulz de sangunce aus q̃lz

885 1113 647 66 il nauoit encore meu nulle guerre sauue tant

885 1156 653 70 quil necessoient dimpugnier les gens du ueis

891 1197 624 60 sineis. et especialment le tur de trays a fin de

891 1237 647 58 trouuer occasion desmouuoir guerre es sagun-

877 1260 86 67 tins.

885 1275 644 101 Comment hanibal uint enla terre de sagõtins

871 1335 638 75 et comment les sagontins enuoyeirent leurs

874 1379 643 66 legaz a rome.  uiii.

1015 1422 500 63 Les sanguntins loyaulz uoyans que

1012 1465 529 61 il auoient la guerre appareilliee enuoi-

1012 1505 491 58 erent a rome leurs legaz ⁊ demande-

888 1534 632 70 rent aide du pueple Romain auec le quel il a-

888 1586 612 52 uoient confederacion ⁊ aliance. En cestui an

888 1612 624 61 orent consuls romains.P. cornelius scipions

885 1655 621 58 et tytus sempiuns li lons oyes en senat lescari-

883 1687 643 64 nũmee aus legaz de sangunce fu ordene ꝑ senat

885 1725 647 57 que il trameist les legaz en espaigne pour ueoir

883 1768 640 58 lestat des choses de leurs compaignons ⁊ de leurs

880 1808 632 61 aliez. Et que les diz legas se il leur semblast.

877 1846 623 58 bon peussent denoncer a hanibal que il sesout

880 1878 649 60 fust de guerroier les sanguntins compaignõs

877 1921 623 58 des romains. Et que les diz legaz se il leur

877 1956 632 66 semblast bon peussent transferer en espaigne

880 2005 629 54 ou en africque pour faire plainte ou cenat de

871 2033 649 75 cartage des iniures que hanibal faisoit aus cõ

874 2082 629 61 paignons du pueple romain ceste legacion

874 2120 632 66 estoit estraitte ⁊ ordenee. Mais non pas encore

871 2157 615 67 tramise quant les sanguintins tramistrent

874 2198 632 63 de rechief denoncier aus romains que hanibal

874 2247 626 52 les auoit assegiez les quelles choses oyes les ro-

868 2276 635 63 mains orent entreulz diuers conseulz en leurs

874 2325 617 52 senat car les uns disoient quil seroit bon de

865 2354 638 66 faire guerre par mer. et par terre contre ceulz de

865 2397 641 63 cartage. Et quelun des consuls menast un

865 2443 635 55 des ostz en africque. et li autre en espaigne. et

865 2483 635 55 en menast .i. autre contre hanibal. Li autre

865 2518 635 188 disoient que li grandes besoignes ne deuoient

1679 438 629 69 nue si legierement estre menees. Li autre disoiẽt

1682 464 600 78 que on ne feist que un ost le quel fust menez en

1682 504 626 73 espaigne. Et que toute la bataille fust tournee

1682 539 617 78 contre hanibal. Les autres disoient que il uaudiͦt

1679 577 620 77 nuex premierement enuoyer en espaigne legas. ⁊

1685 617 603 75 attendre leur response.Ceste sentence comme plꝰ

1685 654 609 75 seure sourmonta les autres.si furent tantost has-

1685 695 606 75 tiuement en espaigne enuoyes legas romains. P.

1682 732 606 78 ualerius flaccus et Quincius fabius pauphilus. Si

1676 758 615 93 fu ordene que ceulz cy yroient a sangunce a hanibal

1670 807 632 75 et dylec en cartage. Et sil ne se uouloit souffrir de

1676 851 626 75 guerroier le lieu pour demander du senat de cartage

1676 894 621 69 et quele dit hanibal leur soit baillie a punir en pai-

1667 928 618 73 ne delatrieue rompue. ¶ Dementres que les ro-

1673 975 612 63 mains tenoient a rome leurs conseulz sangunce

1673 1009 618 69 par souueraine puissance assaillie. Et si estoit sã-

1673 1053 612 63 gunce la plus epullente cite de toutes celles quis

1667 1078 615 78 estoient assises oultre le fleuue de eure.Et fu assi-

1665 1122 623 72 se a mil pas dela mer. et furent iadiz ceulz de cel-

1667 1171 615 60 le cite dune isle de mer qui ensement estoit ditte

1667 1208 612 64 sangunce a auec aucuns de ceulz de hardee cite de

1667 1246 612 63 rutiliens qui leur furent aioins. ¶ Ceulz cy

1667 1286 609 61 estoient en brief temps crus en tres grandes ri-

1670 1321 615 60 chesses tant pour cause de la mer comme pour

1667 1364 609 61 habondance de fruis de leur terre comme pour

1662 1393 620 66 multitude de pueple. Si uouloient uiure en si

1659 1430 632 73 grant discipline ⁊ saintete.Car il uouloient gar-

1665 1480 545 57 der foy et compaignie iusques a la mort. ¶Ha-

1662 1514 623 61 nibal a tout a son ost esbriue sen entra es contrees

1662 1557 609 55 de sãgunce. Et gastes les champs ⁊ les uilles den-

1659 1586 617 64 tour il assailli par trois lieux la cite. Et pource

1656 1624 620 66 que lune des tournieres des murs estoit en plus

1662 1667 591 58 plain lieu par deuers la uallee. Si ordena de celle

1662 1702 597 57 part a faire uignez par les quelles les mocons

1662 1742 611 61 et les tourmens peussent ferir es murs. Mais ce

1656 1782 615 61 ne fu pas legier a faire. Car decelle part auoit

1659 1820 600 55 une tres haulte tour comme en lieu plꝰ suspet.

1659 1852 606 60 Et la iouuence dela uille si estoit tournee celle

1656 1895 609 55 part. Et pource quil leur apparissoit plus de

1659 1930 623 63 paours ⁊ deperil. ylecques auoyr pource de plus

1659 1979 609 49 grant uertu il resistoient deuers celle partie. Si

1656 2007 617 61 rusoient les ennemis ⁊ empeschoient leurs baste-

1656 2045 620 63 mens tant par traiemens fais dessus les murs

1650 2082 638 67 comnme par frequentes issues ⁊ courses que il fai-

1647 2129 635 57 soient es stacions ⁊ es euures des ennemis es q̃l-

1647 2160 624 61 les tumultueuses batailles a pou que il ne pil-

1650 2201 621 63 loit pas monis de sanguntins comme de leurs

1647 2247 162 61 ennemis.

1659 2270 612 69 Comment hanibal assist la cite de sagonce

1644 2313 491 70 et comment il se combatirent.

1656 2354 87 80 .ix.

1783 2357 482 103 Cil iour auint que hanibal se traist si

1783 2432 499 72 pres des murs que il fu bleciez en la cuis-

1786 2478 476 63 ce durement ⁊ chut si y ot si grant fui-

1647 2518 621 90 te et si grant paour a celle foys de la gent des pe-
