2578 3508
272 456 638 61 nois que a pou que les uignes que il auoy-

277 491 624 67 eut fais ne furent deguerpies ylec dont par

283 526 629 73 pluseurs iours si fu plus obsidion que opina-

283 572 629 62 cion. dementres que la playe de lempereur se ga-

286 613 624 56 rissoit ¶Quant hanibal fu garis de celle pla-

283 651 618 59 ye plus egre bataille est nee que deuant car celz

283 686 621 62 de sa partie repristrent uertu et commencierent

277 716 638 70 a faire leur uignes. et aprochier leurs moncous

277 754 650 67 des murs ⁊ en casserent la cite en pluseurs ꝑties.

280 803 621 59 Et pluseurs ruines la deceurent des murs si a-

283 841 621 56 uint que trois tours ⁊ trois murs qͥ estoient

275 877 629 58 entre celles cheirent a un cop ⁊ firent si grant ef-

275 915 626 58 froy et si grant som que les penois auderent la

280 947 647 64 cite estre prise. Si coururent abataille dune part

286 988 615 61 et dautre et non pas par maniere de bataille tu-

280 1023 627 64 multueuse qui continnelment se fait sanz au-

275 1064 635 64 cun ordre en assaillant de cestes cites pour occa-

277 1102 650 61 sion la ou les parties uoient leurs auantages

275 1145 617 62 et par iuste batailles. si comme se il fussent

286 1189 606 56 a un champ. ¶ Ceulz de la cite ordenerent

283 1219 618 64 leurs estoilles dedens celles ruines et entre les

283 1257 635 61 maisons ou il auoit aucun pou de discance.

318 1303 594 50 Ylecques esperance dune part ⁊ esꝑance

277 1330 647 67 de lautre aguisoit ⁊ acroissoit les courages ⁊ les

283 1371 656 58 irritoit et prouoquoit a fortement combatre. Car

283 1406 638 64 aus penois sembloit que a pou de forcement ⁊ de

286 1452 626 53 perseuerance il auoient la uille. Ceulz dedens

283 1487 621 56 opposoient leurs corps pour les perilz.et pour

277 1525 621 53 leur cite de sinite ⁊ de muraillie. Et ny auoit

280 1558 621 61 nul qui traist pie arriere a fin que aucun des

280 1607 603 53 ennemis ne se meist en son lieu de tant dont

280 1634 624 61 plus aigrement il batailloient deca ⁊dela tãt

283 1680 609 50 y auoit plus de bleciez meismement car nuls

280 1713 609 55 trayemens entre les corps ⁊ les armes ne sen a-

275 1739 629 64 loit a uuit. ¶ Si auoient ceulz dela cite certai-

275 1783 643 55 ne mniere de traiemens dont le fer estoit lonc

283 1815 638 64 par trois pies a fin que il percassent les armes

277 1850 662 70 etles corps si faisoient par art auec poys ⁊ estou-

280 1894 630 61 pes.Car ses dars aidoient et sembloient quãt

286 1935 626 58 lun les trayoit si celui qui celui dart feroit get-

280 1958 650 76 toit tantost. Et ainsi les corps deseures darmeu-

277 2005 635 70 res estoient  tantost occis par les autres traye-

280 2049 618 61 mens qui sen suiuioient. ¶Comme donc-

277 2084 627 67 ques la bataille fust longue ⁊ doubteuse et les

275 2125 617 64 courages des sanguntins fussent fortefiez et

272 2154 643 73 acreu pource que contre leur esperance il resistoi-

275 2195 629 70 ent uaillãment. Et les penoys pource q̃ uaĩcu

277 2239 633 67 nauoient se reputassent pour uaincu. Et poͬ

275 2268 620 76 mas soudainement. Ceulz de la cite sescrie-

275 2303 617 79 rent haultement et ruserent leurs ennemis

269 2347 629 73 iusques es ruines des murs qui estoient che-

272 2391 629 70 ois. et ylecques empeschiez ⁊ doubtens les tuͦ-

272 2423 649 82 blerent plus fort. et finablement les contraĩ

272 2467 471 70 drent a retourer en leurs tentes.

272 2508 629 102 Comment les legaz de rome fuent enuoyez a

1062 438 655 64 hanibal aus quielz legaz il manda quil ne pou-

1053 479 650 67 oit pler a eulz. .x.

1179 511 532 67 Dementres que cestes choses se faisoiẽt

1179 549 544 67 a sangunce len aporta a hanibal que

1129 596 591 55 les legas de rome uenoient a luy. mes

1062 628 632 64 auant quil ississent de la mer il leur enuoya

1062 666 661 67 dire que pour cause des estranges et renes ⁊ bar-

1056 707 652 61 baires nassions qui estoient en sõ ost il ne pou-

1062 751 646 61 oient pas seurement uenir a lui. Et aussi quil

1065 783 646 67 estoit si occupez en haultes choses que en si grant

1053 827 661 58 diuersitez de negoces il ne li estoit pas besoing doyz

1056 859 664 67 legacions. Mais que hanibal sauoit bien q̃ tãtost

1056 906 664 55 que les legaz seroient refusez de lui il transferoient

1053 941 638 64 en cartage pource hanibal tramist auant eulz

1062 979 655 64 au princes de la faction brachine pource que il a-

1053 1017 632 61 uisassent leurs amis que lautre ꝑtie du senat

1050 1055 664 61 ue peust faire chose qui fust agreable aus romaĩs

1047 1099 644 61 doncques pource que les legaz ne furent receuz

1056 1131 655 70 ne oys de hanibal celle legacion fu uaine et irri-

1038 1178 82 64 te.

1062 1216 649 61 Cõment les legaz romains uindrent en la cite

1065 1262 640 53 de cartage et comment hanno uns nobles hõs

1068 1303 629 56 de cartage parla contre hanibal.  .xi.

1179 1324 538 73 Hanno estoit uns princes sages ⁊ de gnͣ̃t

1182 1373 515 59 auctorite en la cite de cartage qui nes-

1176 1409 515 61 toit pas de la ꝑtie brachine. Mais u-

1038 1441 673 67 ne autre contree qui oyles romains o grant

1044 1490 635 56 sillence de ceulz qui loyrent traita ⁊ peiora la

1047 1523 644 61 cause des trieues rompues comme dist est si

1035 1569 656 50 commenca a obtester ⁊ a indire le senat par

1047 1599 653 64 les.ii.tesmoinges ⁊ harbitres des aliances que il

1015 1639 670 68 ne uousissent pas susciter la guerre romaine

1050 1680 667 59 a en commencant la guerre de sagunce. Et dist

1053 1724 655 53 que il recordoit iadiz auoir conseillie q̃ hani-

1050 1759 644 53 bal ne fu tramis en lost. Car tant qu il y ait

1047 1797 641 56 point de la ligniee amulcar ne du sanc ne du

1050 1832 655 59 nom brachin les trieues ne les confederacions

1050 1873 641 56 faittes auec les romains ne seroient en re-

1047 1906 656 64 pouz. Cest iouuencel dist il a art de couuoitise

1050 1946 664 68 de regner. Et a ce il considere une chose seule. cest

1050 1987 647 65 adire des unes guerres engendre les autres a fĩ

1047 2025 664 68 que il puisse uiure auironnez darmes et de le-

1053 2066 644 68 gions uous le trametres a lost comme ammi-

1050 2101 641 68 strans matiere du feu ⁊ auez nourry la flam-

1053 2145 638 62 be de la quelle uous ardres uoz ostz disoit il se-

1047 2172 670 76 ant a lentour de sãgunce dont trieues et aliã-

1047 2221 641 59 ces les deussent deffendre. Mes assez tost uous

1050 2256 650 68 uerres que les legions romaines si seront a lẽ-

1053 2297 629 65 tour de cartage duiteurs ou gouuereurs a

1047 2326 644 74 ceulz meismes diex par cuy aliances rõpues

1047 2376 644 70 nous fumes uaincuz en la premiere guerre.

1050 2414 655 70 Hee dist il ⁊ ne cognoissies uous pas uoꝰ enne-

1056 2458 641 64 mis. Et uous ⁊ la fortune de lun pueple ⁊ de

1047 2484 664 85 lautre les legaz qui estoient uenuz de noz com-

1044 2543 650 102 paignons. Et pour uoz compaignons ur̃e
