2476 3462
871 395 684 106 empereur na uolu receuoyr dedens les logies

880 464 606 69 en la quelle chose il a fait contre le droit des

874 499 667 78 gens que len appelle le droit des gens les quelz

880 551 643 60 legas dylec chacie donc les legas des ennemis

877 588 620 55 ne doiuent estre boutez ne retrait uiennent a

883 623 669 60 uous. Et repetent les choses rauies et ostees par

871 652 629 66 uertu des aliances entreulz et uous publique

874 692 655 66 cõmune fraude doit cesser entre uous. Il requi-

877 741 649 58 erent que on leur baille lacteur du forfait. et

874 784 632 49 le coupable de cestui forfait et de ce crime ¶ De

877 810 638 64 tant comme les romains dist il ouurerent plꝰ

874 851 646 60 debonnairement et commencent plus lentem̃nt

874 888 641 61 iay paour quil sesmouueront plus cruelment

874 928 643 64 et perseuereaument consideres ⁊ lysies les ysles

871 969 629 58 et erice ⁊ combien uous auez souffert ꝑ lespasse

871 1001 641 63 de.xxiiii.ans par terre ⁊par mer.Et certes nõ

871 1041 629 66 pas cilz enfes mais amulcar ses peres qͥ estoit

871 1078 635 67 uns autres.mais selonc uostre opinion estoit

871 1125 629 57 lors empereres. Mais lors nous ne uoulsimes

871 1168 629 52 par les aliances autrefois faittes auec les ro-

868 1197 644 63 mains de porter de enuayr arrete ⁊ ytalie. Si cõe

868 1237 635 61 apresent nous ne faisons de sangunce. Et poͬ-

865 1275 647 63 ce lors les diex ⁊ les hommes nous uaĩquirent

871 1321 641 55 ne faisons a fin de la guerre comme egal. Iu-

868 1353 638 66 ges donc le droit dependoit demonstra les aliã-

871 1399 632 57 ces auoyr este atort rompues. Et leur dõna

865 1428 652 63 uictoyre contre nous. Sachiez donc que ore endiͦt

865 1468 650 66 hanibal aprouche les uignes a cartage. Orendroit

865 1508 647 67 les murs de cartage brisent par ses moutons les

868 1552 632 60 ruines de sagunce. plaise dieu que ie soye faulz

865 1586 658 67 prophette charront ia sur noz testes. Et la batail-

865 1630 647 60 le prise auec les sanguncins sera eue neccessai-

868 1664 647 61 rement auec les romains baillerons nous dõc

868 1710 618 52 hanibal se poura dire aucuns. Ie scay bien q̃

865 1739 652 64 mon auctorite est a ce trop legiere pour raison

868 1777 626 63 des aeuientez qui furent iadiz entre son pere

865 1814 638 64 et moy. Et pour uoyr ie ay grant ioye de la

865 1857 638 58 mort amulcar pource sil uaisquist ie scay bñ

862 1892 638 64 que nous eussions iala guetre auec les ro-

865 1935 652 61 mains. Et cestuy iouuencel tant comme for-

862 1973 638 58 senerie dure et brandon ⁊ flãme de ceste guerre

862 2016 653 58 heie et abhomine et determine non pas seule-

865 2054 638 60 ment abaillier aus romains en piacle ⁊ en

859 2088 641 64 redempcion de la trieue rompue. mais en-

862 2126 655 63 core se nulz ne le demande le deuroit on porter

857 2169 632 55 es derrenieres parties des mers ⁊ des terres. Et

862 2201 641 63 le habreleguer et banir en tel lieu dont le nõ

859 2241 644 61 ne la renommee de luy ne uenist iames ca.

848 2276 661 63 Si que iamais il ne peust troubler ne es-

862 2319 638 61 mouuoir lestat ne la paix de ceste cite ¶ Si

857 2354 655 66 ordene dist il en ceste maniere que tantost noꝰ

854 2400 661 63 trametrons legaz a rome qui sactifient au

854 2443 643 55 sencit ⁊aus autres a hanibal quil le cõmã-

857 2475 649 72 dent que il retraye son ost de sãgunce et q̃

859 2527 667 104 oultre ce le baillent aus romains a pugnir

1644 401 632 106 pour la trieue rompue selonc la teneur des

1662 476 626 69 aliances faittes. Et la ceste legacion ie decerne

1662 516 623 72 estre faitte rendre aus sanguncins les choses qͥ

1659 548 444 63 onleur atolues a tort ⁊rauies.

1673 594 595 63 Cõment hanibal prist la cite de sagonce et occist

1659 617 617 84 fẽmes et enfans. .xii.

1783 634 505 98 Comme li diz hanno eust ainsi parle il

1786 706 505 67 ne fu point neccessaire que un autre cõ-

1728 729 551 81 tre lui tant estoit lors tous li senaz de

1659 770 632 83 la part hanibal aincois reprenent le dit hanno

1656 819 635 72 dont il auoit plus aigrement parle q̃ nauoit

1659 862 617 61 le legat des romains. flatus ualerius. Si a li

1665 900 632 66 senaz de cartage respondu aus legaz des romaĩs

1665 937 606 64 que la gueure estoit nee des sanguncins. Et q̃

1659 963 617 75 le pueple de rome faisoit mal se ala tres anciene

1613 1012 666 66 compaignie des cartagiens il les proposoit ⁊ me-

1656 1055 623 64 toit auant ¶ Dementres que li Romain

1662 1093 617 63 gastoient leurs temps entramettant leurs lega-

1656 1128 632 72 cions de ca en la. hanibal pource quil ueoit ses che-

1659 1174 600 60 ualiers estre lasses tant pour la guerte comme

1659 1211 603 61 pour les euures leur a donne repouz par aucun

1662 1243 614 63 temps et pou de iours mises souffisantes garnisons

1656 1278 623 66 a garder les uignes et les autres euures. E entͤ

1653 1321 629 66 deux il aguisoit et esmouuoit leurs courages ꝯtͤ

1659 1367 612 52 leurs ennemis tant par ire comme ꝑ esperance

1647 1393 621 66 de proye. Si que la ou il ot determine et ordene q̃

1650 1436 638 61 toute la proye de la cite quant elle seroit prise soit

1653 1482 626 52 aus cheualiers. il ont este par tel maniere espris

1656 1517 626 55 et embrase quar qui leur eust a celle heure donne

1659 1560 623 55 signe dassaillir il sembloit que nulle chose ne le̾

1647 1589 615 58 pouoit auoir rescitee. ¶ Li sanguncin durant

1653 1630 615 63 cestui delay ou quel il nassembloient ne nestoiẽt

1659 1673 600 57 assailli necesserent nuit ne iour de ouurer de refai-

1653 1705 595 60 re les murs en celle partie ou il estoient abatu. si fu-

1656 1739 615 64 rent par les penois enuahy derechief plus aigrem̃t

1650 1777 603 60 que il nauoient acoustume a faire. si que il ne

1650 1811 623 64 sauoient par quelle ꝑtie donner ayde. Comme

1647 1852 618 60 trestoutes fremissent de clamours ⁊ estoit le dit

1650 1886 626 70 hanibal en une tour portable parait qͥ estoit

1647 1932 621 64 plus haulte que nulle des forteresces de la uille

1644 1967 618 64 estoit present alassault et se faisoit porter dune

1647 2007 618 70 ꝑtie ⁊ dautre. en celle tour pour amonnester

1647 2042 624 72 les siens. Et comme la dc̃e tour apressee des

1650 2088 603 61 murs eust desime les murs des deffenseurs ꝑ

1647 2120 615 69 guerres darbellestes ⁊ dautre engins dispõ-

1647 2155 626 69 sez par tous les creneaux dycelles. Lors hani-

1650 2201 615 60 bal oppinans estre temps ace conuenable tͣ-

1647 2232 632 67 mist .uͨ. hommes dafrique apies ⁊ douloirez

1644 2279 624 57 au pie du mur pour le abatre ⁊ nestoit pas

1644 2316 624 61 chose difficille a faire comme le mur fust ma-

1644 2354 641 60 conne de terre non pas de chaux selonc la for-

1647 2397 618 61 me des anciens edifices. Si que tantost que

1644 2434 609 64 on y hurtoit il cheoient entel guise q̃ grans

1644 2472 615 69 compaignies de gens armez entroient dedẽs

1644 2504 624 115 par flottes es creuaces des murs si auoit un
