2578 3508
275 467 643 62 hault lieu en la cite que li penoys ont pris leq̃l-

280 496 627 71 tantost il ont establi et garny dengins ⁊ darbel-

280 534 632 71 lestes ⁊ afin quil eussent chastel ⁊ forteuesce par de-

280 575 635 68 dens la cite il ont tantost auironne de mur et li

283 608 653 70 sanguncin delautre part firent un nouuel mur

283 654 638 59 entre celle partie dela cite qui estoit prise ⁊ celle ꝑ-

283 692 629 62 tiequi encore nestoit pas occupee le quel mur

280 716 653 76 il garnirent et dylec se deffendirent par souue-

277 768 653 59 rainne force et unement li sanguncin pour gͣr-

280 809 638 59 der ⁊ deffendre les parties ensemble commen-

277 844 644 59 cerent a assaillir les uiures de la cite ⁊ apeticier

280 877 653 67 latendance de tout forain ayde ¶ Comme

277 915 662 64 li romain qui estoient une seule esperance fus-

280 961 635 59 sent trop loing et leurs ennemis fussent tout

280 1008 627 53 entour eulz toutefoys leurs courages ẽnuyes

283 1031 638 68 et greuez reconforta un pou ce que hanibal sẽ

280 1072 647 65 ala soudamnement contreles orenttains ⁊ les

277 1119 633 59 carpentains le quel duy pueple hesbahy par

277 1151 647 70 lasprete du dillet ⁊ dela gent darmez a eulz re-

283 1204 621 53 quise par hanibal auoient retenu ceulz qui

286 1233 626 62 a ce estoient cõmissaires pour la quelle chose

283 1277 609 50 comme hanibal eust paour quil uousissent

283 1306 635 65 defaillir delui il ala contreulz par si soudaine

280 1353 624 50 emprise que il ont delaissie leurs armes ia

283 1388 629 59 meuees. Mais neaut moins lassault desã-

283 1432 615 50 gince nestoit de riens plus lent. Car ma-

280 1464 624 56 harbal filz de helancon le quel hanibal auoit

277 1505 624 47 laissie en lieu desoy tant comme il seroit de

283 1531 629 65 hors si portoit par tel guise. Car neis li ẽne-

283 1581 632 56 mi ne licitoien naꝑceurent oncques hanibal

280 1622 621 50 estre de hors.Car cestui marhabal fist ẽtreulz

277 1648 633 67 deulz aucunes batailles bien fortunees ⁊ auec

283 1695 621 50 .iii.moutons il abati une ꝑtie du mur de

277 1721 627 65 sangunce. Si monstra a hanibal quantil

280 1759 644 62 sen retourna les fraisches ruines comuet tot

280 1803 621 56 estoit abatu ⁊ quasse. Et quant hanibal fu

280 1835 632 65 retournez il atantost meu toutlost pour as-

277 1876 635 62 saillir le chastel de la uille ⁊ fu ylecquẽs la ba-

283 1911 638 62 taille moult forte de cheualiers qui dune part

280 1952 638 65 et dautre sestoient assemble.Mais ala ꝑfin li

266 1976 655 76 penois ont pris une partie de la forteresce.

263 2017 649 76 ¶ Apres ce cy fu esbahye aucun pou desꝑance

277 2066 627 65 de pays par .ii. riches hommes lun sãguncin

275 2107 626 67 qui auoit nom alcon et lautre espagnol qui

277 2145 638 59 auoit nom allorque. Car alcon ala ꝑ nuit

272 2177 635 73 a hanibal et descen des sanguncins en esperance

277 2227 627 61 que pour prieres il les pourroit mouuoir. Mes

272 2262 632 67 comme il ueist que ses lermes ne prouffitoiẽt

269 2303 608 61 riens . Et que hanibal courroucies offroit

272 2341 632 64 tristes condicions de pays aus sanguncins en

272 2379 652 61 lieu dauocas ⁊ dehoureur il deuint transfuges

269 2417 632 70 et demoura auec les ennemis disant que qͥ-

269 2458 661 73 conques porteroit aus sanguncins telles nou-

269 2505 641 64 uelles et condicions de paix il le tueroient. Si

269 2543 643 108 estoient les condicions telles quar le dit ha-

1059 447 646 61 nibal leur demandoit auant toutes choses q̃

1056 488 661 58 il rendissent leurs choses aus turdicains. Ap̾s

1059 523 638 64 que tout lor ⁊ largent dela cite li fust baillie. Et

1059 552 646 70 que chascun serf issist a un bestement ⁊ alassent

1062 599 655 64 habiter ⁊ feissent uille nouuelle la ou pleust a ha-

1059 640 649 64 nibal. Cestes condicions disoit alcons q̃ li sãgun-

1059 675 652 64 cin ne retenroient point. Mes alorques affermãs

1059 716 652 64 que on uaint les courages humains la ou toutes

1059 757 646 64 choses sont uaincues proumist que il seroit por-

1059 800 635 59 teur et entrepreteur de celle paix ⁊ estoit alorq̃s

1056 824 667 70 cheualier de hanibal. Mais auec ce il estoit amiꝰ

1053 874 650 64 et hostes des sanguncins. Cestui doncques bail-

1053 912 664 61 lie publiquement son iauelot aus gardes des

1056 958 644 59 murs passa les garnisons des ennemis ⁊ reqͥst

1053 999 647 56 que on le menast au preteur de sãgunce ou q̃l

1056 1034 649 59 lieu comme dont toutes gens acourussent du-

1050 1072 650 62 ne part et dautre faitte traire arriere la multi-

1053 1110 652 68 tude len a donne senat au dit alorque. Et a

1050 1154 655 62 este oya des senateurs a part. si a este sa raison

1056 1195 632 62 telle ¶  Seigneurs dist il se uoz cytoien alcõ

1056 1233 635 62 eust raporte les condicions de paix de hanibal

1059 1262 646 65 auons aussi comme il estoit alez de uous a hani-

1053 1303 632 68 bal pour neant eusse emprise ceste uoye par la

1056 1350 632 59 quelle ie suy cy uenuz non pas comme orateur

1053 1391 629 53 de hanibal ne comme transfuges. Mais cõme

1053 1420 647 65 ainsi soit car li on par sa coulpe ou par la ur̃e

1050 1470 647 53 sort demourez auec uostre ennemy se par la sone

1047 1499 658 62 seil a fait auoir pour la paour. se par la ur̃e

1053 1543 635 56 se cil qui uous raportent uerite sont chiez uous

1047 1578 647 61 en peril ie dist il pour cause delancien hostel et

1053 1622 623 55 habitacion que ie oy iadiz auec uous suy cy

1053 1657 626 58 uenuz a fin que uous fachiez que encore pou-

1053 1692 620 64 ries uous trouuer aucune condicion de paix a-

1053 1733 629 61 uec hanibal. Et que ie pour lamour de uous ⁊

1053 1768 644 64 de nul autre soye uenuz parler a uous poues par

1050 1812 650 56 de cognoistre. Car tant comme uous auez peu

1050 1853 635 55 deffendre ⁊ resister contre hanibal ou espere ay-

1053 1888 620 56 de des romains ie ne uous parlay oncques

1050 1923 629 61 de paix ne de uous rendre.Mais pource dist il

1050 1967 620 55 que uous nauez nulle esperance de layde des

1050 1996 635 64 romains. Et que uos murs armes ne uous

1047 2034 650 64 puet plus souffisamment deffendre ie dist il uous

1050 2072 653 67 aporte paix plus neccessaire que egal ou honne-

1050 2119 629 55 ste dela quelle uous pourres auoyr esperance se

1050 2151 641 64 aussi comme hanibal la uous offre comme

1044 2189 650 70 uicteur uous la uoulez receuoir cõme uaincu

1041 2236 644 61 la quelle chose il mest auis que uous deuez fai-

1041 2271 662 67 re pour tant quar comme toutes sorent du uic-

1044 2309 667 73 teur uous en cestuy cas ne deuez tenir a adõma-

1047 2356 641 67 ge ce que uous ꝑdez mais tenir a gaing tout

1050 2402 632 62 ce que len uous lesse hanibal dist il uous oste

1044 2426 638 79 uostre cite laquelle si comme uous ueez il a des

1044 2473 632 73 ia par la plus grant partie prise ⁊ gastee et

1041 2516 662 74 route il uous lesse uoz possessions ⁊ uous asse-

1044 2552 638 117 nera lieu ou uous pourres edifier tout lor
