2476 3462
845 438 623 55 et tout largent tant publique cõme priue il

848 461 629 66 ueult auoir ossoy les corps de uoz fẽmes et de uoz

848 501 635 61 enfans il ueult garder non uiolez se uoꝰ uoulez

848 542 643 63 sans armes chascun a .ii. uestemens issir de sãgũ

848 585 629 55 ce. Cestes choses dist il uous demande ⁊ cõmande

845 611 658 64 le uicteur hanibal. Cestes choses ia soit ce quelles

854 654 643 61 soient greues et annuieues uous amonneste il re-

854 698 643 60 ceuoir ur̃e fortune presente. Et pour certain iay

857 735 623 58 esperance quar comme hanibal ait ia toutes

854 770 637 66 choses en son pouoir il ne laissera riens des cho-

859 816 632 58 ses dessus dc̃es se uous conseillie miex que uous

851 859 626 52 le soustenez auant que uous laissies uoz corps

854 897 626 60 uoz biens et fẽmes ⁊ enfans deuant uoz yex ra-

857 934 632 64 uir tranchier ⁊ trayre si comme ueult droit dar-

854 980 623 55 mes. ¶Comme li diz alorques eust ainsi

857 1018 614 58 parle et petit a petit la multitude du pueple se

859 1050 632 60 fust embatue iusques au conseil des senateurs

854 1093 617 55 soudamnement auant que on lui donnast

857 1122 646 66 response li premier et li souuerain dela cite se sõt

854 1171 635 58 dylec partis. Et tout lor et largent singulier et

859 1211 618 58 publique ont aporte ou marchie et ont fait un

859 1237 647 67 tres grant feu et ont tout boute dedens. Et aucũs

857 1283 660 64 en y ot qui dedens cestui feu se sont boute auec.

859 1329 621 52 Et comme pour cause de cestui si tresgrant pa-

857 1358 646 61 our enuahy trestous une autre grant paour est

857 1396 643 66 lors souruenue. car une tour qui longuement

854 1436 646 61 auoit este quassee et combatue chey. Et cõme

857 1480 623 57 tantost une grant force de penois le fust bou-

857 1517 634 61 tee dedens par la ruine et ouuerture dycelle

854 1560 623 58 lempereur hanibal fist signe a les cheualiers

857 1592 626 63 que toute la cite estoit lors desunee de gardes

859 1635 615 58 et de stacions acoustumees. si lui sembla qͣr

857 1667 632 61 en tel auantage ne couuenoit il plus delayer.

857 1707 620 58 Et assailli la uille de toutes pars ꝑ uertueuse

854 1736 637 70 force. et si la prise en un moment ⁊ commanda

854 1780 643 66 que tous ceulz qui auoient .xii. ans passes fuss̃

857 1826 626 55 occis le quel cruel commandemeit fu prouue

857 1863 640 58 neccessaire pource qui sensuit car les deux ardoi-

859 1901 635 57 ent leurs maisons et eulz et femmes ⁊ enfans

854 1941 637 52 tous ensemble dedens cellez tout degre ⁊de uo-

854 1979 635 54 lente. Li autre tresfierement se combatoient

857 2007 640 64 tous armez ne ne faisoient conte de soy cõbatͤ

857 2051 623 63 que de la mort. a la ꝑfin la uille a este prise a-

854 2082 640 70 uec tresgrant proye non contrestant que li sei-

854 2132 637 57 gneur eussent moult de choses degaste ⁊ destru-

854 2163 643 69 it. Si nauoit en lyre des ennemis nulle attrẽ-

854 2212 635 58 pance ne en occision de aage de personne nulle

854 2253 637 57 difference et furent li chetif proye des cheual̃rs.

859 2290 635 58 Et neant moins treuue len que des pris des

854 2328 626 63 choses uendues fu aioustee souffisante pec-

854 2368 658 66 cune et mainte precieuse drapille ylec uendue

854 2406 637 69 et prise et fu tramise a cartage par hanibal

859 2452 621 60 et que dylecques il sen ala a cartage lamie-

854 2486 640 64 ne en tentes yuernables. Et que .u. moys

859 2544 630 101 apres la dc̃e prise il sen uint pour aler en y-

1633 438 623 58 talie ia soit ce que cest escript ne si accorde pas

1639 470 629 63 bien auec le temps du consulat publiꝰ corneliꝰ

1636 510 609 58 et .T. sempronius qui lors estoient consul. Et

1639 551 606 57 que apres se combatirent auec ly au fleuue de-

1639 582 626 61 cioine et atrebie. Comment les legaz reuindrẽt

1624 626 603 51 a rome qui denoncerent que sagonce estoit

1644 660 598 55 prise et destruite et cõment les romains furent

1627 692 632 60 espoentez. .xiii.

1653 698 603 101 Sagunce prise li legat des romains sẽ

1754 773 494 60 tournerent de cartage a rome et denou-

1760 810 505 64 cerent que toutes choses estoient prises da-

1639 851 617 57 nemistance ⁊ que sangunce estoit destruise. Si a ẽ-

1636 885 606 67 pli les peres de si grant douleur de si grant pitie

1636 931 629 64 des sãguncins leurs compaignons si cruelm̃t

1575 975 670 60 mors et si grant honte de ce quil ne les auoiẽt

1642 1015 594 52 secouru et si grant paour de la cõme de leur ẽ-

1639 1044 617 66 pire et de leurs negoces quar il furent si espoẽtes

1592 1087 673 64 comme se li ennemi fussent ia aus portes de ro-

1639 1133 626 55 me. Si que en tant desmouuemens de courages

1636 1174 617 55 il estoient si effraies que il ne sauoient prẽdre

1639 1208 562 58 conseil en eulz. Et ce estoit pource que oncques

1644 1237 604 61 mais il nauoient eu a faire contre ennemis si

1639 1280 620 61 aigres ne si cheualereux ne le pouoir romain

1642 1324 603 57 nauoit oncques mais este si febles ne si pere-

1636 1358 614 61 ceux ne si imbelle comme il estoient lors. Car

1636 1393 629 69 ceulz de sardaigne stortique yllirie et ystrie auoi-

1639 1442 606 58 ent plus ce leur sembloit les armes romaĩ-

1636 1477 620 54 nes lessie que excerssie ⁊ auec les gaules auoi-

1636 1514 620 58 ent il plus noise ⁊ tabuste que guerroye. Mais

1639 1552 626 60 li penois ancien ennemi disoiẽnt il ne sont pas

1636 1589 637 64 tel. Car par lespasse de.xxiii.ans il ont este nour-

1639 1632 617 61 ris en tres dures batailles tousiours uicteurs

1642 1679 594 49 contre les gens despaigne ⁊ ont este acoustu-

1636 1707 600 58 me aus armes soubz aigres empereres. cer-

1633 1742 600 64 tes disoient il ceulz qui ores freschement ou

1639 1777 620 63 destruit et conquise celle tres riche uille passerõt

1639 1823 609 55 les fleuues deure. Et traceront auec soy toꝰ

1639 1855 614 60 les fleuues despaigne. Et esmouueront aussi

1636 1892 603 64 les gens des gaules gloutes ⁊ couuoyteuses

1642 1930 614 69 darmes et de batailles si que disoient il nous

1644 1970 618 63 conuient auoyr a faire contre tout le monde

1636 2005 632 66 non pas encore par dedens ytalie. Mes qͥ plus

1636 2051 617 57 est deuant les murs de Rome. ¶Les prouĩ-

1633 2082 632 73 ces estoient des ia nõmees aus consuls. Si ge-

1636 2132 617 60 terent leurs sors pour sauoyr la quelle aueñ-

1636 2172 632 58 droit.Si auint au consul cornelius et a sem-

1636 2215 612 58 pronius africque et sicille. Et leur firent ce-

1636 2250 609 60 lui an .ui. legions de traces et a signees de che-

1639 2279 629 69 ualiers romains ⁊ de cheualiers compaignõs

1636 2325 623 66 tant comme leur semblast et fu ordene quelẽ

1639 2365 611 64 appareillast le plus grant nauire que len

1639 2403 606 72 peust si furent . xxiiii.ͫ de peons romains et

1639 2440 611 75 uiii.ͨ hõmes darmes. et .ii.ͤ et .xx. nefs de.u.

1636 2481 623 72 ordres dauirons et .xx. grans nefs que len di-

1639 2524 614 92 soit coulons. si fu raporte au pueple que il
