2578 3508
283 479 653 47 commandassent et uousissent indire ⁊ mouuoir

283 496 647 59 guerre au pueple de cartage. Et pour cause dela

283 540 641 62 ditte guerre a este faitte supplication par la cite ⁊

283 578 629 59 ont este les diex requis et aoure que decelle g̾re

283 613 632 59 leur peust prendre bien et eureusement la q̃lle

283 651 624 62 li pueples romains commanderoit a faire si

283 692 621 59 furent les copies deuisees aus consuls en ceste

283 724 635 68 guise. Car a sempronius ont este asignees .ii.

283 768 627 59 legions romaines en chascune des quelles il a-

280 806 618 65 uoit. miͫ. paons. et .iiiͨ. hommes darmes. Et

280 841 621 65 auec ce li a len assigne .xuiͫ. peons des compai-

283 874 635 64 gnons .et. mil ⁊. uiiiͨ. hommes de cheual. et lon-

283 917 621 68 gues nefs. c. lx ce sont galees et de coulons ou

280 953 641 64 de grosses nefs .xii. Si que auec cestes copies ⁊ ap-

283 996 618 62 pareilz tant terrestres comme maritunez fu sem-

286 1026 635 70 pronius crains en sicille pource que dylec sen pas-

280 1075 624 56 sast en affrique. Si que li autres consulz souffi-

277 1105 644 64 soit a empeschier hanibal li penoys dentirer en yta-

280 1151 632 65 le. A cornelius furẽt maindres copies baillees

280 1192 632 62 pource que le preteur .L. maulius estoit auec luy

286 1227 626 59 que len tramettoit en gaule ⁊ especialment li nõ-

280 1262 650 62 bre des nefs. li fu diminues. car on ne lui assena

286 1306 629 56 que .lx. galees pource qu il ne leur sembloit pas

289 1344 629 56 quelennemy deust uenir par mer ne que de celle

286 1379 632 65 part on se deust combatre. Si li assegnerent aussi

283 1423 632 50 .ii. romaines legions auec leur cheuauchee cõue-

277 1455 630 62 nable et .xiiiiͫ. hõmmes de peons des cõpaignõs

280 1490 659 65 et. mil et.uͨ. hommes de cheual et auec ce tramist

280 1531 659 62 on en la prouince de gaule qui ore est dc̃e lombar-

283 1578 632 50 die pource que elle estoit contre les romains en

289 1613 626 53 la guerre punique. deux legions romaines. et

280 1639 618 65 .u. cheuaucheurs romains auec ce grant ꝙͣ-

283 1677 638 65 tite de gent de pie. et mil hõmes cõpaignons dy-

280 1721 641 62 ceulz de cheual. Cõment quintus fabius et mar-

283 1762 618 62 cuz libius furent enuoyez legaz alafrique ꝑ les

286 1800 615 59 romains . .xiiii.

395 1806 520 85 Cestes choses ansi aprestees a fin que

403 1870 524 62 toutes choses se fussent faittes auant

392 1906 509 61 que len commencast guerre li romaĩ

286 1929 641 79 ont tramis en affrique certains sollempnelz etã-

286 1984 635 62 ciens legaz ce furent .Q. fabius. M.liuius et.L.

280 2011 630 73 emilius .C. licinius a demander aus cartagiẽs

283 2058 609 64 se hanibal de publique conseil auoit opugnee

283 2098 612 59 et combatu sangunce et se il disoient si comme

280 2131 618 67 il sembloit quil uoussissent faire ⁊deffendre ce qͥ

283 2174 615 65 auoit este parle conseil publique ⁊ de uolente deulz

280 2210 627 67 que lors il les deffiassent ⁊indeissent guerre au pu-

280 2253 630 62 eple cartagien. Comme doncques cil legat fussent

283 2288 635 68 ariue a cartage tantost les alen oys en senat si

275 2315 605 76 na fabius qui auoit la parole riens demande

275 2367 635 62 fors une seule chose si comme len li auoit cõmã-

272 2405 640 68 de. Cest adire se par le conseil deulz sãgunce estoit

277 2443 621 71 destruite. Et lors uns des princes de cartage a ꝑ-

272 2473 629 81 le et dist cestes paroles. o uous romain dist il la

283 2522 609 103 ur̃e legacion premiere fu ce mest  auis q̃ uous

1059 456 635 40 accuses hanibal et le demandies que nous le

1059 479 629 64 uous baillissions a punir. comme celui qui

1068 523 640 64 de son propre conseil ⁊ moment auoit assis sã-

1062 549 658 67 gunce. mais ceste presente legacion ia soit ce q̃l-

1062 599 629 58 le soit de paroles plus benigne que la premiere

1062 625 641 67 il me semble que quant a la choce elle ẽ plus aspͤ.

1059 663 661 73 Car lors hanibal estoit par uous seulement accu-

1059 713 641 67 sez ⁊ demandez. Mes orendroit uous noꝰ uoulez

1062 742 652 73 faire confesser en coulpe a fin se nous le confes-

1059 792 641 58 sons que uous puissies tantost repeter les cho-

1059 833 641 58 ses tolues par les droiz des aliances. Et me sẽ-

1059 868 644 64 ble que uous nauez que faire de demander se sã-

1059 909 655 55 gunce a este obpugne par conseil priue ou par

1059 950 646 58 conseil publique. aincois auez a demauder

1056 988 641 58 seulement se elle a este obpugnee ⁊ destruite ꝑ

1056 1031 638 56 droit ou par iniurie .Car la question que uoꝰ

1056 1058 655 73 fc̃es est a faire auous contre ñre cytoien se de ur̃e

1059 1099 658 67 congie ou de ur̃e uolente il ce cy fait. Mais quant

1056 1148 647 56 a nous nauons dautre chose a estriuer fors que

1056 1189 635 59 se il y a cestes choses feres selonc les aliances de

1053 1216 647 70 nous ⁊ de uous. Mais neant moins puis quil

1053 1265 644 59 uous plaist a demander quelle chose nos emꝑeurs

1056 1303 635 62 font par publique conseil ou de leur uolente. ie

1050 1333 667 73 puis respondre car nous ⁊ uous trieues ensemble

1053 1382 641 56 qui furent fermees et faittes de ur̃e part ꝑ lucta-

1050 1414 661 59 tins qui lors estoit consul ou quel fu bien cõtenu

1050 1455 647 62 que les uns ne greuassent les compaignons des

1053 1499 638 56 autres. Mes des sanguncins ne fu il oncques ꝑle

1050 1528 653 65 meismement quar encore nestoient il pas receu

1050 1575 638 56 en la compaignie du pueple romain. Et se uoꝰ

1050 1601 650 71 ne dittes que auec telles autres trieues qͥ furent

1050 1648 647 62 prises auec hadrubal li sanguncin furent excep-

1053 1695 644 56 te a ce ie ne uous douray nulle responsse .. Mes

1053 1727 658 56 celle que iay apres de uous quar quant . C. luc-

1050 1771 653 53 tanius fist auec nous la premiere trieue uous

1047 1800 632 65 deistes que uous ny esties point tenu pource q̃

1050 1844 632 59 il auoit fait sans lauctorite des peres ⁊ du pue-

1053 1888 620 56 ple si fu faitte apres une autre trieue de publiq̃

1053 1917 629 62 et denterin conseil se doncques uoz aliances ne

1050 1955 635 62 uous obligent se elles nesont faittes de laucto-

1053 1990 644 68 rite et du commandement de uous. ie puis aĩ-

1050 2037 661 61 si conclure que les trieues faittes ⁊ ferues de ha-

1050 2078 623 56 drubal auec uous les quelles il fist sanz nr̃e

1053 2110 638 64 sceu ne nous porent obligier. Et pource dist

1050 2154 647 58 il deportez uous de faire mencion de sangunce ⁊

1050 2189 650 85 fleuue de eure. Et tout seur faittes ⁊ acõplisse

1047 2233 582 61 ce que ur̃e courage a cõceu ꝑ lonc temps.

1053 2271 617 55 Cõment li legaz romains defierent ceulz de car

1050 2315 632 61 tage et cõment il uindrent en espaigne

1082 2385 21 61 .xv.

1138 2391 538 61 Cestes choses oyes li legaz romains

1167 2429 544 67 apris satongue ⁊ la replice ⁊ en a fait

1161 2464 536 73 giron.Si leur a ainsi dit. En cest gi-

1053 2493 626 82 ron nous uous aportons paix ou guerre le

1050 2543 641 158 quel que uous uoulez si prenez. si ont cil de
