2476 3462
854 401 626 86 lautre partie crie non pas moins fierement q̃

865 458 661 67 il donnast celle partie que il uoudroit et comme

857 501 634 55 quincius espardu son giron leur ot dit que il

859 527 638 67 leur donnoit la guerre. il respondirent tous q̃ il

865 571 644 66 la prenoient. et que a tel courage comme il auoi-

868 617 629 52 ent pris il la demouroient. Et sachiez que ceste

868 654 623 49 inquisition faitte ⁊ ceste maniere de deffy et de

862 675 647 69 nuncacion de guerre auoit semble au senat cõ-

868 721 644 66 fidere la dignite et lestat du pueple romain es-

865 767 641 58 tre plus conuenable meismement apres la ci-

868 807 618 55 te desangunce destruite que auoyr despute du

868 836 652 69 droit par paroles des aliances. Et neant moĩs

868 879 629 67 se des dittes aliances eust conuenu ꝑ paroles

862 917 644 69 traitier ⁊ aleguer a ce que il dient que lalian-

865 957 655 67 ce faitte par luctacius fu changie auec laliãce

865 1001 615 60 faitte par hadrubal. ie dy com doit regarder

862 1032 644 70 lune ⁊ lautre comme en aliance luctacius fu

865 1078 632 64 expressement dit que elle tendroit sele pueple

862 1113 664 66 romain uouloit ⁊ en aliance de hadrubal neust

865 1156 652 64 en nulle exception. Et la dc̃e aliance par la sillẽ-

865 1194 647 63 ce de tant de temps a este tenue en telle guise que

865 1234 652 64 elle aprouuee lui uiuant a este gardee lui mort

868 1278 644 57 iusques a orendroit. Et encore se len regarde la

865 1309 650 70 premiere il me semble que il y fu ass̃ parle des sã-

868 1355 632 55 guncins puis que len ex ceptoit les cõpaignons

865 1387 644 61 dune partie ⁊ dautre comme ce fust entendre presẽs

868 1428 655 60 et auenir. Et comment ce fust a entendre que il loi-

865 1459 635 67 sist a chascun nouueau compaignon receuoir ⁊

865 1500 658 63 deffendre toutefois en telle maniere que li compai-

868 1540 626 66 gnons des cartagoys ne ne fussent sollicite ꝑ

868 1580 635 70 les romains a deffaillir deulz se il tout degre

868 1615 644 69 ne deffaillissent ou deguerpissent que il ne fus-

871 1664 644 58 sent point receu. ¶ Li legat romain si cõme

874 1696 652 63 len leur auoit commande sen sont ale de cartage

877 1745 635 49 en espagne a fin detrayre les cites a lamour des

877 1782 623 47 romains. Et de les retrayre et deffaillir de lamoͬ

880 1808 646 64 des penois si sont uenuz premierement aus bargusiẽs

877 1852 632 54 li quel les ont benignement receuz. Et pource quil

874 1886 641 64 sen nuyoient de la seignourie des penois il esmirrẽt

874 1930 626 60 pluseurs pueples par dela eure a la couuoitise de

874 1961 646 64 nouuelle fortune. Et puis sen uindrent li legat

865 2002 647 60 tuit uolentiens des quelz la response publie par

874 2036 652 75 espagne les autres pueples trestourna des romͣis

871 2085 644 61 car li plus uiellars deulz respondi aus legas

874 2120 652 66 en publique conseil en tel maniere. O uoꝰ dist

871 2163 641 61 il romain et nauez uous uergoigne de demã-

874 2204 617 63 der que nous deuant mettons nr̃e amistance

874 2235 646 73 a celle des penoys. comme ceulz qui ce ont fait

874 2279 643 60 cest adire les sanguncins uous aues trahy ⁊

874 2322 632 58 deceus que na leur ennemy lempereur de car-

877 2359 614 64 tage. Certes dist il ie conseille que uous ales

874 2400 623 63 ylec procurer compaignons ou la descõfiture

874 2440 632 61 nest sceue. Car pour uoyr la destruction de san-

874 2478 638 72 gunce seroit aus pueples despaigne enseigne-

871 2524 641 98 ment notable si comme elle leur est ensemẽt

1653 426 603 64 douloureux ⁊ plorable que nulz des ore mes

1650 461 572 64 neust esperance en ur̃e compaignie. Si cõmanda

1650 501 612 61 len tantost aus legaz romains que il se ꝑtissent

1650 542 612 58 des contrees des uolciens si fu ainsi que de nuls

1647 577 618 63 autre conseil de pueple ou de cite despagne li dit le-

1650 611 586 64 gat sen passerent en gaule et ylec leur apparut

1650 649 612 60 une nouuelle espoentable maniere de gent. car il

1653 689 603 58 uirent selonc leur coustume que ceulz du pays ue-

1647 712 629 78 noient a leurs conseulz tous armes. Et comme li

1653 764 609 61 dit legat ou conseil publique des gaules tout au

1647 793 618 78 commencement magnifiassent la gloire ⁊ la uͬ-

1647 842 621 61 tu la grãdeur du pueple romain. Et la grandeͬ

1650 885 618 58 deleur empire. et requeissent aus gaules que

1647 920 635 63 il ne uoussissent pas donner uoye ne passee par

1644 963 644 61 my leurs champs ne par leurs citez a lempereur

1647 1003 612 58 penoys a entrer et passer en ytalie a guerroyer

1653 1035 626 64 contre eulz. si grans ris et si grant moquerie fu

1650 1081 612 58 lors oye entreulz que li magistrat et li ancien

1650 1116 629 66 deulz ains oncques porent faire taire leurs iou-

1647 1165 612 52 uenceaux tant leur sembla la requeste des le-

1653 1203 606 51 gaz sote et desraisonnable. cest adire q̃ li romaĩ

1650 1231 621 61 demandassent que li gaule ne trameissent la g̾-

1647 1275 626 57 re des penois en ytalie. Mes que illa receussent

1644 1315 618 55 a eulz. et que il leur opidassent leurs champs

1647 1353 629 57 et leurs pays a gaster ⁊ a pillier pour les au-

1653 1396 620 49 truy. Et a la ꝑfin apaisie la multitude leu leura

1650 1422 629 66 respondu. car les merites des romains et les in-

1650 1474 618 43 iures des cartagiens nestoient pas telz enuers

1650 1494 629 72 eulz que il deussent pour eulz cest assauoyr les ro-

1650 1543 626 58 mains prendre leurs armes contre les penois. Et

1653 1575 632 63 que par le contrayre il oioyent que les gens de leur

1659 1621 609 60 nassion estoient de iour en iour pourles romaĩs

1659 1661 600 61 gette de leur pays que il ont en ytalie. Et que li

1659 1696 600 60 romain leur demandoient creu ⁊ assez dautres

1653 1736 612 55 choses indignes et aussi comme semblables res-

1659 1774 594 60 ponses oyrent li dit legat aus autres consuls de

1662 1806 603 63 gaule. si que iusques atant que il uirent a mar-

1656 1846 615 58 seille il norent oncques nulle response paisible ne

1662 1889 597 55 familiere. Mais ylec trouuerent il feablement

1662 1915 609 64 toutes les choses que il demanderent auec leurs cõ-

1665 1961 603 61 paignons. Et cognurent que li courage des

1662 2002 606 55 gaules estoient ia preocupez et preuenu de hani-

1656 2036 606 64 bal. Mais pourre ne lui seroient souffisãment

1659 2071 606 66 debonnaire ou fiable tant sont leur engin fier et

1659 2100 617 72 sans discipline. Se par lui les courages des prin-

1659 2146 603 72 ces ne sont raliez auecques ⁊ acquis par or de

1656 2175 629 78 cuy acquerre celle gent est moult gloute ¶ Ap̾s

1662 2227 603 66 ce doncques que li legat eussent parcouru les

1662 2270 603 58 nassions despagne ⁊ de gaule et retournerent

1656 2305 603 63 assez tost apres que li legat sen estoient ale

1662 2342 614 66 en leurs prouuinces et trouuerent la cite en a-

1662 2383 588 66 tendance de guerre. Si estoit ia renommee q̃

1659 2408 603 78 hanibal auoit passe le eure. car li diz hanibal

1662 2460 594 73 sãgunce destruite sen estoit retrais a cartage

1656 2489 620 121 la nueue et oy ce que len auoit fait ⁊ dit tant a
