2246 3336
512 333 695 92 annum . s. gesta ẽ. Hic pz ꝙ titus hunc librum

515 404 697 72 scripsit septingen ͫ ͦ anno ab urbe condita. Et q̃

515 454 688 66 profecta ab exiguis iniciis qz ciuitas romana

517 496 690 67 in sui conditõe parua erat ualde. eo creuerit .i.

517 539 725 59 aucta sit ut iam mag ͤ sua laboret qz pp̃ impu

517 578 710 68 gnatiõem aliarũ genciũ sue mag ͥ inuidentiũ

512 619 712 78 laborat bellando et pugnando cũ eis ꝓ deffentõe

519 674 682 67 sue magne pt̃atis. uel forte hoc dicit pp̃ ciuile

519 715 712 70 bellum qd̃ iam inchoatũ erat sic̃ statim dicet :

524 759 694 71 ¶ Scdõ cũ dicit. Et legen ͫ docz quid de hiis qͥ

519 813 690 58 lecturi sũt opus suũ sentit dicens. ꝙ non erit

523 858 712 64 eis multũ delectabile legere ea que scribo de ori

521 898 704 65 gine urbis eo ꝙ mallent audire recenciora et

523 945 708 59 uiciniora suo tempori. Unde d ͭ  Et haut .i. non

519 987 701 61 dubito. qͥn prime origines .s. urbis proxima

524 1024 711 73 qz originibz . s. gesta p̾bitura sunt minus uo-

524 1074 694 65 luptatis plerisqz legencuĩ festinantibz ad hec

526 1124 699 60 noua .i. tempora et gesta recentia quibz iam

524 1162 705 66 pridez ip̃e uires populi p̾ualentis .s. romani se

528 1206 701 70 conficiũt .i. debilitant per assiduitatem belloꝝ

530 1245 675 74 civiliũ. ¶ Tercio cũ d ͭ ego cont.ͣ oñd ͭ qͣre

528 1293 723 69 emolu ͭ ͧ̃ sͥ inscribendo accreuit. uͥ noͣ ꝙ septin-

523 1339 732 63 gen ͫ ͦ anno ab urbe condita quo tp̃e hic auctor

526 1388 718 57 vi ͤ ex p̾dictis hanc hỹam scripssisse. incoatum

521 1425 719 66 fuit bellum ciuile inter pompeiũ et iullium

532 1473 710 61 cesarem. Quod utiqz bellũ nimis erat ꝑnicio

530 1508 701 67 sum rei pu.ͨ ͤ et nimis plangebat᷑ ab hiis qͥ

530 1553 720 66 zelum urbis hẽbant. ¶ Unde titus liuius

530 1593 718 69 scribendo ħ. in hoc se ip̃m consolabat: ꝙ cogitaͦ

528 1643 720 63 sua non erͣt occupata circa mala pñcia. dum

530 1682 714 60 studuit circa antiqͥora scribenda. uñ d ͭ Ego ꝯͣ.

532 1721 721 71 s. illos qui festinant ad audienđ noua et recẽͣ

532 1768 710 68 petam hoc quoqz pͥmũ laboris mei uti au̾taz

535 1819 696 62 me tãti sꝑ certe a conspͨtu malorũ q̃ nr̃a etas

530 1858 729 67 uidit per tot annos dũ repeto tota mente.i. co

534 1908 691 63 gitacõe. prisca .i. antiqͣ illa repeto ĩꝙͣ expers

534 1955 703 54 oĩs cure .i. sollici.ͥ que et si non possit flectere

535 1994 700 61 animũ a uero .s. ut laudẽ gentis mee flã scribã

535 2042 705 63 transi possit afficere sollicitũ .i. trahere affectũ

535 2092 689 57 meũ ut nimis sollicitet᷑ circa ea q̃ geruntur

541 2135 686 51 Demum cũ d ͭ Que añ oñd ͭ a quibz in

535 2172 694 64 scribendo se uult abstine̾ qz ab hiis ꝯtigerunt

535 2225 716 54 ante urbem conditam uel etiã condendam. et

537 2264 716 58 circa hec. tria facit. Quia pͦ docz qͣre uult ab hiis

537 2309 709 57 abstinere .s. qz illa magis sũt decorata fabulis

535 2359 713 54 poeticis ꝙͣ incorruptis monumentis rex gestaꝝ

537 2401 696 56 i. ꝙ uera mẽoria rerũ que geste sũt. Et iõ nec

537 2440 705 62 ea affiraͫre nec refellere in aĩo .i. ĩ intentõe ẽ

547 2492 678 52 ¶ Deinde cũ dicit. dat᷑ docz quałr non uult

537 2527 705 62 ea reffellere qz ignoscend̃ est antiquis qͥ talia

521 2572 745 65 finxerũt miscendo humana cũ diuinis ut an-

534 2626 691 120 gustiora .i. nobiliora facerent ciuitatum.

1397 333 673 86 premordia et si hoc licet aͥcui populo ut suas

1398 391 671 64 origines consecret .i. faciat sacras et diuinas

1398 435 664 70 pͬcipue lz populo romano pp̃ belli glĩam ut

1398 472 697 78 pentem suũ conditoris qz sui .s. romuli mr̃em

1400 522 690 72 s. qui est deus belli potissimũ .i. optimũ ferat

1400 563 686 72 i. dicat et tam equo aĩo debent ħ humane q̃s

1389 611 697 65 ferre .s. non contradicendo sicut paciũt᷑ hũae

1392 663 679 69 imperium . ¶ Tercio ꝯ dicit. sz et hiis dicit

1403 707 687 63 ꝙ quõcunqz de hiis existiment homĩes putãdo

1407 756 675 66 ea uͬa uel aĩaduertant ea esse falsa. nõ põet

1405 796 694 67 ea in magno discrimine sz deffendendo unam

1402 845 717 63 partem uel aliam . ¶ Deinde cũ dicit ad illa

1405 884 714 72 reddit auditorem beniuolũ docens utilitatem oꝑis

1407 924 709 76 sui. Et circa hoc duo facit. quia primo oñdit oꝑis

1407 976 690 69 sui utilitatem. 2ͦ ratione rei pu ͨ ͤ incidenter

1409 1015 692 72 describit nobilitatem ibi ceterum. Circa pͥmũ

1407 1065 701 63 duo facit quia pͥmo docz quid lector in suo oꝑe

1409 1110 673 68 considerare debeat. Scdõ qͣm ex hoc percipiat

1411 1156 682 67 ibi hoc ẽ illud. Quantũ ad primũ pͥmo docz

1411 1200 692 60 quõ dz considerare bonos mores per quos aucta

1411 1236 681 70 ẽ res pu ͨ ͣ Uñ dicit quisqz pro se .i. sua utili ͭ ͤ

1413 1289 686 60 mͥ .s. scribenti . intend ͭ acriter ãi ͫ ad illa .s. cõ

1413 1334 693 67 siderand̃ quõ dicam .s. ut sciat que uita qui

1411 1378 679 63 mores fuerint .s. olim in urbe per quos uiros

1413 1425 680 53 quibusqz artibz domi milicieqz .s. qua pru

1411 1464 718 61 dencia siue tempore pacis qñ manebant domi

1413 1504 677 58 in quiete siue tempore belli qñ foris ex̾cebant

1416 1549 676 55 miliciam et partum et auctũ sit impuni

1418 1588 681 63 ¶ Scdõ cũ dicit. Labente. docz quõ dz consi

1415 1640 664 55 derare mores deficientes et uicia ꝑ ꝓcessum

1409 1675 681 68 tp̃is introducta. uñ dicit. sequat᷑ aĩo .i. post

1416 1719 676 62 consideratioem bonorũ morũ. sequat᷑. aĩo .s.

1416 1766 685 59 considerando. uel sequat᷑ aĩo .i.  prosequatur

1415 1816 680 59 deinceps considerando ueluti .i. quõ latente

1416 1864 683 59 i. cadente et deffici ͭ ͤ deinde paulatim disci-

1416 1908 696 60 plina pͥmores dissidentes .i. ab inuicẽ uel a pͥori

1415 1953 693 57 statu discordantes. dem̃ ut .i. quõ magis qz lap

1416 1997 672 62 si sunt .s. ꝑ processum tp̃is. tum .i. tandem

1418 2046 687 59 ceperunt ire precipites. ut s. sic oĩo defficiant

1420 2083 686 61 donec ꝓuentũ ẽ ad tprã hec .s. pñcia quibz n ͨ

1415 2127 688 63 pati possumꝰ uicia nr̃a. si pp̃ grauia nocu ͭͣͣͣͣ ͣ

1415 2170 690 61 q̃ ex eis inferunt᷑ ciuibz sicut ex ammonicione

1418 2212 679 69 cesaris creatũ ẽ ciuile bellũ. nec remedia .s

1418 2268 677 63 contra hec uicia pati possumꝰ pp̃ ꝓcliuitatẽ

1420 2305 673 65 et ꝓnitatem in illa. ¶ Dem̃ cũ dicit. hoc est

1418 2355 701 59 ilIud docz que est utilitas ĩ consideratiõe istoꝝ

1418 2401 681 58 et est ut uideas quid imitari debeas et quid

1418 2444 692 59 uictare. Uñ dicit. hoc est illud p̾cipue salubre

1420 2490 672 58 et frugifeꝝ ĩ cogniciõe reꝝ .s. gestarũ. Intm̃

1415 2531 708 54 te docu ͭ ͣ posita in illustri monu ͭ ͦ.i. in clara

1422 2577 688 64 mẽoria oĩs exempli inde capias tibi .i. ad uti

1424 2624 673 118 litatem tuã. tueqz re pu ͨ ͤ qd̃ imiteris uel
