2258 3361
526 358 710 65 ꝙͣ hic natus creusa mr̃e ylio .i. troia interponit᷑

526 407 708 59 autem per penthesim. Quis enĩ rem tam uet̾em

528 444 699 67 ⁊̃ iulia gens. De qua fuit iulius cesar qui pͥmꝰ

528 494 699 62 imperator fuit. Solet et gens romana gens iu

530 541 695 63 lia dici. Scdm̃ uirgiliũ ascanius qui et iulius

532 584 696 63 ante bellum cum turno erat adolescens aptus

530 629 676 63 uenationi et ceruũ domesticus cuiusdã turri

532 674 695 61 canibz suis exitum interfecit et ita non uidet᷑

524 717 688 63 fuisse inmaturus ad regnandum pꝰ pr̃em

534 761 679 66 hunc eciam filium creuse dicit augꝰ xuiii de

536 812 709 59 ciuit̃ dei. ca ͦ xxi. Concordat eutropius qui dicit

537 855 704 63 ascanium filium creuse regnasse pꝰ eneam

537 894 691 71 et pꝰ filiuũ ex lauina natum post mortez

539 937 693 73 prĩs educasse et pr̃no regno cum mr̃e restituis

539 985 676 66 se. ¶ Is ascanius. Hic docz quomõ ascanius

539 1032 695 62 regnum pr̃num reliquit et condidit albaniã

541 1075 693 64 et pͥmo hic oñd ͭͤ . 2 ͦ quomõ regnũ albe ĩ quiete

539 1125 712 55 creuerit. Ibi tantũ tam̃. 3 ͦ terminos ĩter albam

541 1167 715 59 et etruscos describit. Ibi par erat. oꝑibz .i. diui

541 1208 684 59 ciis et hominũ multi ͤ Et fama nomĩs sui

545 1251 685 65 implessz non solum terras sz mare etiã per

541 1292 697 65 totam longi ytalie ab alpibz ad fretũ siculũ

541 1338 708 58 tum cum possz .s. eneas manibz propulsare bel

547 1379 702 64 lum eduxit copias in aciem .s. ut aꝑte ꝯgred̾et᷑

549 1430 692 54 lauinii .s. ciuitatis condite ab enea. florentem

549 1471 681 56 iam .i. in prosperitate existentem. ut tũc res

545 1508 693 64 erant .s. militares et pu ͨ ͤ mr̃i seu nouerce .s.

547 1555 676 60 lauine cuius an esset filius uel priniginis

550 1603 708 56 dubitauit . ¶Nouam. Ip̃e docz quõ ascanius

550 1643 695 58 nouam urbem condidit que alba longͣ uoͣca

549 1691 711 54 ẽ. Augustꝰ tam̃ de ciuit̃ dei li ͦ xuiii ca ͦ xxi. dicit

554 1738 704 48 eam conditam tempore sałois et ab ea deinceps

552 1773 691 64 non latinorũ sz albanorũ reges appellatos et

552 1816 708 62 scdm̃ hoc non fuit ab ascanio condita quia def

536 1863 715 60 functus erat ante tempora dauid qz a temꝑe

554 1904 702 58 saulꝰ regnabant reges qui cognominabant᷑

554 1947 702 56 siluii scdz̃ eũdem. A situ urbis porrecte .i. extense

560 1997 700 55 in dorso .i. posteriori parte ut intelligatur ꝑs

558 2039 697 57 anterior que erat uersus lauiniũ. a qua in

558 2083 678 60 posteruis porrigebatur alba in longũ qui

558 2126 682 58 ut iustinus in abrĩacione libri xliii. trogi

558 2177 672 58 pompei dicit. ccc annis caput regni fuit.

562 2214 676 60 Colonia dr̃ multitudo nouorũ cultorũ q̃ pp̃

560 2263 702 56 indigenarum defectum in regiõem uel ciui

554 2307 682 56 tatem aliquã inducit ᷑ . Dicit ergo ꝙ inter

547 2347 726 67 fundatiõem lauinii et coloniam inde deduc

560 2391 648 64 tam ad albam longͣm interfuere ⁊c.

564 2442 694 56 Tantum tamen. Docz quõ alba longa ꝓfec̾it

560 2479 695 60 dicens. tantum tam̃. qd. quanuis tam tar

564 2526 698 67 de colonia usqz ad albam deducta fuerit. tñ

562 2574 691 62 tantum alba .i. in alba longͣ creuerit opes.

569 2621 676 92 .i. diuicie. uel hominum multitudo ꝙ nec

1400 345 676 65 enea mortuo nec muliere gubernante nec

1400 386 682 75 ꝓpter initium puerilis regni auderent alii

1402 433 704 71 quicunqz eam bellis inquietare. ¶ Pax itaz

1404 476 685 74 docz quibꝰ terminis discriminabatur regnũ

1406 522 676 68 etruscorum a regno latinorum qz terminus

1404 563 676 75 utruisqz regni ex ꝯuentiõe pacifica finis est

1402 610 689 65 tyberis fluuius. ¶Siluius deinde proseq̃r

1406 651 704 73 de successoribz ascanii usqz ad romulũ et fue-

1410 702 676 71 rũt .xiii. Ita ꝙ romulus fuit .xiiii. primus

1408 746 683 77 successor fuit siluius qm̃ dicit hic fuisse filiũ

1408 791 700 67 ascanii. Sed eutropius et alii dicũt istũ fuisse

1402 840 700 60 filium enee postumũ .i. post mortem patris

1411 885 693 61 natum ex uxore lauina a fr̃e uero ascannum

1411 926 691 69 educatum iõ forte dr̃ filius eius. dicit eciam

1413 967 693 74 ꝙ ascanius procreauit filiũ iuliũ dictũ a qͦ

1393 1019 723 65 familia iuliorũ dicta et exorta est. qui quia

1411 1062 691 65 paruulus erat et mundũ regendis ciuibus

1415 1110 699 60 aptus cũ ascanius regnasset annis. xxxuiii

1417 1159 689 58 Siluium frẽm suum reliquit regni heredem

1417 1195 691 63 casu quodam in siluis natus. Eutropius d ͭ

1417 1239 687 68 ꝙ ruri educatus. hy ͣ britonum dicit siluiũ

1400 1286 729 64 filiũ fuisse ascanii. qui siluius ex qͣdam nepte

1419 1333 719 63 lauine genuit brutum deciũ britonem. Brutꝰ

1423 1379 674 55 autem adultus caũ quod̾ pr̃em suũ ĩ silua

1421 1415 681 65 uenantem interfecit. ¶ Is eneam. Siluius

1417 1462 684 63 fr̃ ascanii uel filius ut hic d ͬ genuit succes

1421 1510 678 56 sorem sͥ enean siluiũ. scdm̃ eutropiũ regͣuit

1423 1547 700 66 annis .xxxi. Is deinde latinum. eneas siluiꝰ

1421 1590 691 69 genuit latinum siluiũ qui scdm̃ eutropium

1426 1637 682 65 regnauit annis .xl. Qm̃ et ꝯtemꝑaneum d ͭ

1426 1680 673 65 regi dd̃. hic in quibusd̃ locis nouos cultores

1426 1729 682 54 constituit quos colonos uocauit. qui prisci

1428 1770 686 56 i. antiqui latini uocati sunt. Mansit siluius

1426 1814 686 58 postea non tm̃ post istum latinum sed pꝰ pͥmũ

1428 1861 689 58 siluium. Comester in hy ͣ in fine primi .R. dicit

1428 1904 688 60 ꝙ scdm̃ antiquos. ꝙ iste latinus siluiꝰ successit

1426 1938 695 72 siluio postumo cuius erat frater uterinꝰ et post

1430 1984 721 73 ip̃m regnauit eneas siliuius. sz alr̃ dicit᷑ ꝯnnimꝰ

1434 2035 689 60 ¶ Latino alba. Alba siluius latino ortus. eisd̃

1434 2085 678 56 successit regnans scdm̃ eutropiũ annis xxxix

1432 2124 717 66 sedm̃ comest. in R. ħ ꝯtemꝑaneꝰ erat salomoni

1438 2167 706 66 ¶ Alba atis capis .s. orti st̃. ita ꝙ pͦ regnauit

1434 2216 674 60 atis et postea capis. Iste capis ab eutropio

1428 2259 669 61 uocatur egiptus siue austinus quem dicit

1438 2307 674 58 regnasse annis .xxiiii. Et dicit comest̃ in R

1436 2356 670 56 ꝙ in dieb roboam latinorũ unus rex fuit

1438 2397 657 58 athis siluius uel egiptus siluius. postqͣm

1438 2442 696 52 capis regnauit annis xxuiii ut d ͭ eutropius

1436 2485 698 56 et capuã in campania condidͭ fuit aũt scdz̃

1438 2528 691 59 comest̃ tempore asa regis iuda ¶ Capite

1436 2576 698 58 capentus .s. ortus ẽ qui hͥ capetus d ͬ ab eutͦ

1434 2627 702 104 pio uocatur carpentus qm̃ regnasse d ͭ annis
