2264 3320
535 367 708 53 rem primo in macedoniam uenisse inde in siciliam

533 403 681 63 querentem delatũ .s. constat a siciliis. classe .i.

533 448 695 59 multitudine nauium laurentem ag ͫ  tendis

533 494 695 63 se .s. constat ager laurens dr̃ qz pertinens ad ci

535 538 686 66 uitatem que laurens dicta a lauro ẽ inuenta

535 582 684 61 marte uͥͥ latinus stabat. Non ergo a sicilia de

533 628 688 61 latus est carthaginem ut fingit uirgilius. li

533 673 686 55 cencia poetica quia ut dicit augꝰ li.ͦ i. ꝯfess

538 713 685 61 doctores negabat hoc esse uͬ ͫ¶ Troia et huic

536 759 678 65 loco .s. uͥ egressi sunt in laurentũ agrũ no

538 809 672 56 ¶ Ibi egressi. Docet quomõ eneas cũ latino

536 855 672 59 rege fedus iniit. Et primo de hoc federe agit.

536 903 691 56 Scdõ de unitiõe ppłi troiam subdit iͥ. cũ pp ͦ la

535 946 684 51 tino. Inde t̾nus rutuliqz. Circa primũ primo

538 983 698 60 docz qua ocͣcone rex latinus ꝯ suis ꝯͣ eneũ bellũ

535 1027 693 64 parauit. Scdõ cũ eo fedus et pacem fir̃auit iͥ

533 1069 714 59 dup ex inde. Occasio belli fuit ꝙ troianis egͤs

535 1117 706 63 sis ut ab immenso errore quo errauerant cir

538 1163 713 58 cuiendo diuersas terras ut congruam sͥ hĩta

533 1204 690 55 tionem quererent ꝓpe nichil supererat in

533 1241 710 63 reb preter naues et arma p̃p quod coacti sũt

531 1287 679 57 agere predam ex agris ad quos cohibendos

533 1329 710 65 rex latinus et aborigines .i. homines a prĩa

538 1379 690 55 pio iͥ cõmorantes. ħ est indigene undiqz ar

538 1420 694 55 mati ꝯcurrunt. Sedm̃ august ͫ de ciuitate

540 1464 692 55 dei li ͦ xuiii caͦ .xui. A latino rege latinorum

538 1503 692 61 regnum didicerit. lauretũqz cessauit. Et ut

544 1549 690 57 idem dicit caͦ xx. Aduentus enee in ytaliam

546 1595 675 53 contigit tp̃e lapidei iudicis hebreorum. Et

540 1632 696 59 tribz annis pꝰ latinun regnauit infra qͦs

542 1672 697 61 iudex hebreorum factus ẽ sampson ut iͥdez

542 1722 714 59 pz. De hoc enea. Orosius li ͦ ii ͦ de ormesta mõ

544 1763 694 57 di sic scribit. Enee a troia profugi aduentus

546 1809 684 59 in ytaliam que arma cõmouerit qualia ꝑ

546 1849 677 67 triennium bella excitauerit qͣntos populos

546 1890 655 65 implicuerit odio excidioqz afflixerit ludi

548 1942 684 55 lrãrii disciplina nr̃eqz meõrie iniunctum ẽ

551 1990 700 53 ¶ Deinde cũ dicit dup  exinde. ostendit qũo

549 2030 694 57 eneas cum latino fedus iniit. Et primo agit

548 2071 697 61 de federe inito. Scdõ de federe domestico et pͥ

548 2121 704 53 uato iͥ. inde fedus. De federe pu ͨ ͦ inito. duas

548 2163 688 65 ponit oppiniones. Scdã iͥ. Alii cũ instructe

546 2209 675 59 lr̃a plana est. deinde affinitatem inisse .

549 2253 685 59 dando enee in uxorem filiam suã nomine

548 2300 693 59 lauinam . ¶Alii .s. tradunt. Hic poĩt scdãm

549 2351 707 56 quam tz trogus pompeius. ut pz ꝑ iustinũ

549 2388 713 59 in abreuiatione li. xliii eiusd̃. priusqͣm signa

549 2432 694 61 canerent .i. tubas sonarent in signũ bellici

549 2473 672 61 congressus. primores uiro .i. pͥmos electos

549 2523 692 55 aduenarum. aduenas uocat troianos qͦrũ

549 2560 681 66 dux erat eneas. ¶ Deinde qui mortales

549 2615 685 101 qui homines quos ab ultima diffinicõis

1411 354 679 61 sue dr̃a designat. cum dicit. mortales. multi ͤ ͫ

1411 396 716 61 i. aduenarum prĩa .i. troia per incendiũ a gͤcis

1411 435 701 64 uastata. admiratũ .s. latinum tradunt gẽtis

1411 485 699 64 s. troiane. uiriqz .s. enee. dextera data. quia .s.

1411 525 710 65 per tactum dextere manus uel protensionem

1415 573 690 59 eius solebat fides amicie et pacis firmari

1415 621 675 57 uñ uirgilius. pars mͥ pacis erit dexteram

1413 667 694 57 tetigisse tiranni. Et noͣ. ꝙ uirgilius neutra

1413 711 694 54 harum oppinionun assentit. absqz om̃i bello

1415 754 694 64 p̾cedente uel p̾paratiõe ad bellum dicit fedus

1411 791 692 72 initum. Statim cũ eneas in agrum laurẽ

1409 846 696 59 tum applicuissz misit centum oratores ad

1413 883 699 72 latinum reges petens pacem et locũ adhĩ

1407 933 720 55 tandum et optinuit a latino. Qui et for̃atꝰ

1418 977 691 61 deorum suorum oraculis sponte ei filiam

1418 1018 705 62 suam lauinam obtulit. ¶ Inde fedus. õn ͭ

1418 1067 687 58 quomõ federi pu ͨ ͦ iunxit domesticũ . Et pͦ.

1409 1112 687 55 ħ facit. Scdõ quõ turnus rex rutulorum

1417 1154 675 59 ꝯfederatos populos bello peciit. oñd ͭ ibi.

1417 1200 692 59 bello deinde. dicit ergo inde .i. postea. fedus

1418 1239 722 59 ictum .i. percussum. et fir̃atum. inter duces

1418 1285 713 61 i. latinum regem et eneam. Inter excercitus

1418 1335 707 55 salutacõem factam. qz uterqz excercitus op

1415 1377 706 61 tauit alteri salutem. Et mansit eneas cum

1418 1420 713 57 latino federe pͥuato duxit filiam eius. Pena

1415 1464 706 57 tes sunt dii priuati domibz presidentes qͦs

1422 1506 705 61 antiqui in domibz colebant et eorũ ymagi

1424 1547 694 59 nes in domibz habebant. adiunxisse fedus

1422 1595 701 57 s. tradunt. data filia .s. latini nomĩe lauina

1424 1637 710 59 enee in matrimonium ꝙ troianis. affir̃abat

1424 1683 694 60 i. fir̃am oppioẽm. tandem finiendi erroris

1424 1720 696 63 quo uagi querebant sͥ hĩtatiõem finiendi

1426 1770 701 57 inqͣm. stabili certaqz sede qͣm se iam reputa

1424 1813 708 59 bant hr̃e. breui stirpi .i. paruule proli. quiqz

1428 1857 714 55 uirilis erat .i. masculinus sedm̃ regulas mo-

1426 1901 695 63 dernas. gramatice stirps ꝓ prole ẽ femini gx

1418 1949 694 57 pro trunco masculini. tñ iste auctor hic et

1428 1988 695 64 infra sepe ponit stirpem pro prole in mascu

1428 2038 671 57 lino. ¶ Deinde cum dicit bello. oñdit quõ

1422 2084 681 59 turnus rex rutilorũ expugnare uoluit 9

1424 2124 677 63 federatos populos indignatus ꝙ lauina

1429 2172 696 57 que sͥ pacta fuerat aduene .s. enee data fue

1431 2215 689 61 rat . ¶ Neutra acies. qz nec rutilorum eo

1431 2263 705 59 ꝙ uicti essent nec troianorum et aboriginũ

1431 2311 681 57 qz lz uictores tñ regem latinum ãmiserunt

1431 2346 700 59 uñ subdit. Uicti rutili ⁊cͣ. ¶ Deinde cũ dicit

1429 2390 696 70 inde turnus. Oñdit quõ eneas utrũqz ppłz

1428 2442 692 60 s. latinos et troianos uniuit. Et primo po ͭ

1429 2486 691 59 unicionis occasiõem . Scdõ ip̃am unicioẽm

1431 2532 701 55 ibi et eneas. Occasio fuit ꝙ turnus restau

1429 2574 676 59 rauit bellum contra eneam ꝯfederato sͥ

1433 2622 685 109 mezencio rege etruscorum. Etrusci sũt qui
