2314 3311
209 338 680 66 quod imitari .s. uelis. uel debeas. Inde .s. de eius ex ͥ

208 384 686 64 capias quod uides fedum inceptu fedum exitu

206 426 683 66 hoc est ut uides que feda hñt principia et fedum

189 474 685 63 finem. Deinde cũ dicit. Ceterũ quia iam dicit

200 516 681 57 utile esse in tm̃ res gestas ut inde accipiantur

204 564 681 54 exempla morum. hic incidenter cõmendat rẽ

204 605 685 66 pu ͨ ͣ ͫ romanam quo ad nobilitatem morũ

202 654 705 57 Et primo hanc cõmendatiõem ponit. Scdõ cãm

202 697 690 59 euis de plangit ibi. nuꝑ. Quantũ ad pͥmum

202 741 707 66 dicit ꝙ nͥ fallant amore rei de qua scribit. Nũqͣ

193 787 685 66 fuit aliqua res pu ͨ ͣ sanctior q̃m romana.

200 833 687 62 nec ditior .i. copiosior boĩs exemplis. nec umqͣ

189 873 696 65 Fuit ciuitas ꝙͣ in natam tarde occupauerant

191 916 712 71 nec in qua paupertas et parcimonia tamdiu

187 965 689 66 fuit in honore adeo ꝙ quanto res pu ͨ ͣ fuit

187 1004 681 73 pauperior tanto minꝰ de cupiditate inerat.

193 1057 683 59 ¶ Deinde cum dicit nuper. deplangit cãm

189 1096 689 66 rei pu ͨ ͤ minua. Et circa hoc duo facit. quia

187 1142 691 60 primo plantum ur̃iter ponit. Scdõ qͣre plãtiu

189 1188 679 59 non instat oñdit iͥ. Sz querele. dicit ergo ꝙ

180 1228 701 61 diuicie non tarde inuexerũt auaritiam et a.ͣ

182 1271 686 68 uicia. Et dicit desideriũqz per luxũ et libidinẽ

180 1318 701 61 pereundi perdendiqz omĩa. Nota qz periculum

184 1363 694 58 corporis et perdicio rerum scdm̃ se desiderantur

180 1403 696 68 sz quia ꝯcomitantur libidinem que secũdum

180 1451 688 64 se desideratur ip̃a autem consumit corpus

180 1489 685 69 et abreuiat uitam et inducit perdicionem

184 1539 677 63 rerum . ¶ Deinde cũ dicit. Sz querele. docz

182 1580 694 66 ꝙ non ẽ nr̃o tp̃s insistendi plantui et q̃relis

182 1616 683 76 Et primo docz ꝙ non est huic insistendũ

182 1666 683 72 scdõ docz quid si consuetudo permitteret eẽt

171 1703 699 75 faciend̃ ibi cum bonis. dicit ergo ꝙ ex quo q̃

174 1752 698 63 rele non sũt acepte eciam qñ sũt nccͣie meri-

167 1798 696 65 to debent abẽe principio tante rei ordinande

167 1837 705 70 i. incoande .s. cuiꝰ ẽ res romana ab urbe con-

167 1878 681 68 dita. ¶ Deinde cũ dicit cũ bonis docet quid

165 1924 692 66 ẽ faciendum. dicens. cum bonis pocius. s. oriendũ

165 1970 683 68 ẽ magis ꝙͣ cum uituperens. uotis qz om̃ibz et pͥ

165 2016 687 64 cationibz deorũ dearũqz libencuis inciperemus

163 2058 669 72 ut orsis .i. iniciis tanti operis darent ꝓsperos

163 2106 683 68 successus .i. prosperos euentus si nobis quoqz

161 2148 687 77 s. historiographis mos .i. consuetudo esset ut

160 2196 677 73 poetis qui .s. in principio carminum suorum

156 2242 587 70 semper faciũt inuocationem deorum.

211 2284 602 68 Explecto prohemio scripturus auctor

173 2339 683 55 res gestas ab urbe condita ut cõueniẽ

154 2380 683 71 tius ad romulum a quo urbs condita ẽ et nũ

158 2424 690 68 cupata ẽ omissis progenitoribz latini iano. sa

156 2464 677 70 turno. pico. et famio quia circa eos multa fa

158 2507 657 71 bulose ꝯficta sũt ut premisit in prologo ab

158 2558 694 68 enea et latino rege orditur hystoriam. oñdens

158 2595 664 127 primo quõ eneas de captiuitate troie euasit

1071 345 705 76 Scdõ cum latino rege fedus iniit ibi ibiqz egres

1076 402 693 61 si. Tercio quomodo de eorum stirpe romulus de

1076 443 702 68 scendit ibi. Nondũ maturus. Circa primum

1075 489 677 68 tria facit quia primo oñdit quomodo eneas et

1076 535 689 60 antenor de bello troiano euaserunt. greci enim

1075 581 695 64 ceperunt troiam .cccc iiii. ante urbem conditã

1075 623 694 63 qui dũ seuirent in troianos interfectis de eis ut

1075 667 703 72 asserit dares frigius. Et Ixx uiii milibz. peperce

1071 717 692 59 runt tamen antenori et enee. pp̃ duas causas

1075 754 686 75 ¶ Una fuit ꝙ olim grecos hospicio receperũt

1069 803 689 63 et illicitũ erat antiquitus ut aliquis hospiti

1067 851 700 65 suo nocumentũ inferret . ¶ Alia causa fuit ꝙ

1069 901 694 61 isti suaserant priamo regi troianorum ut cũ

1065 945 694 53 grecis pacem faceret et helenam raptam resti

1060 984 705 60 tueret. Et hoc est quod dicit achiuos .i. grecos. õe

1062 1024 699 70 ius belli .i. omme quod licet iure belli abstinuisse

1062 1065 712 68 duobz. enee antenoriqz et pro quia uetusti iure

1062 1120 705 59 hospicii et pacis reddendeqz helene semꝑ fidunt

1062 1158 688 63 auctores. ¶ 2 ͣ ͫ causam dat dares frigius

1060 1201 692 62 dicens ꝙ quia suadere non poterant priamo

1056 1243 722 63 ut pacem cum grecis faceret prodiderũt ciuita

1054 1291 715 57 tem grecis. ¶ Secũdo cum dicit. Casibz deinde

1054 1333 713 68 docet quomodo antenor gentem uenetorũ cõdid ͭ

1054 1377 698 59 et fundauit. Et resume uerbum supradictũ

1052 1416 724 62 s. constat. sic deinde constat uariis casibz ante

1052 1464 691 60 norem cũ multitudine enetum uenisse in ĩtiͫ

1052 1510 706 62 adriatica maris sinum. Enentes fuerũt q̃dam

1049 1550 690 68 gens de paflagonia qui antenorem sͥ ducem

1049 1598 685 63 constituit cũ de regiõne sua pulsa esse ꝓter

1047 1635 696 60 seditiõem quand̃. Cuius rex philomon in sub

1045 1686 702 59 sidium troianorum ueniens occisus ẽ paflago

1036 1723 701 64 nia regio est terminans asiam minorem a sep

1040 1771 694 59 temtrione iux ͣ galaciam mare adriaticũ ab a

1045 1813 689 57 dri est niendũ uͬo scd̃m ysy. ethi. li ͦ uiii ionnũ

1040 1852 694 72 sinum esse immensum ab ionia usqz ad siciliã

1043 1907 685 59 Et huius partes esse achanun ⁊ epirodicum

1038 1949 692 61 Euganeisqz. Euganei fuerunt quedam gens

1036 1984 690 70 hĩtans inter mare et alpes. Qua expulsa tro

1036 2032 694 64 ianos et enetos quorũ princeps et dux fuit an

1034 2080 690 61 tenor. eas terras .s. inter mare et alpes tenuisse

1030 2122 694 66 resume constat et in quem locum pͥmo egressi

1030 2172 687 59 sunt. troia uocatur .s. locus ille indeqz .i. ex hoc

1032 2218 705 57 ꝙ locus ille troia dicta est. nomen pago troiano

1030 2264 696 62 i. pagus dictus est troianus pagus gͦ uilla

1027 2308 701 64 latine. Gens uniuersa ueneti appellati. apposi

1021 2348 694 74 ta u combuante in prĩcipio cum prius enetes

1018 2393 697 64 dicerentur. ¶ Tertio cum dicit eneam. docz ad

1025 2444 718 59 que loca hĩtanda peruenit eneas cũ suis. et re

1021 2492 681 61 sume uerbum. constat enean. accusatiuus

1023 2532 709 57 grecus. profugũ domo asili clade.i. pp̃ similem

1023 2578 718 63 cladem. Sz fatis .i. deorum responsis ducentibz

1021 2626 718 100 s. enean ad maiora rerũ mutia .s. anꝙͣ anteno

2240 31 40 127 1
