2308 3401
1086 347 681 57 Utilitas operis sui dubitat. Secundo huius cãm

1079 379 699 68 assignat ibi. Quippe. ¶ Quantũ ad primum

1075 425 681 68 dicit ꝙ nescit. Utrũ futurus sit aͥd utile si

1075 464 709 76 scribet res a ppło romane gestans ab urb̾ pͥma

1075 517 701 66 conditiõe et si sciret aͥd utile facere non auderet

1071 563 696 64 tñ hoc asserere. Opere pretiũ .i. utile uel nccͣͣm

1069 608 690 60 pͥmordio .i. pͥma conditiõe. ausim .i. audebo.

1071 653 692 66 Et est uͬbum deffectiuum quo pro subiũctio

1069 693 694 68 s. ponitur . ¶ Deinde cũ dicit. Quippe assignat

1067 744 694 66 cãm sue dubitatioĩs. dicens ꝙ res gesta romani

1067 789 698 66 ppłi tam uulgata ẽ et cõiter noͣ pp̃ młtitudinem

1066 833 691 66 scriptorũ quoꝵ qui noui sunt putant se certius

1064 878 690 62 scribere ꝙͣ priores fecerunt uel saltẽ płcriori stillo ⁊

1064 923 693 67 magis artificiosa eloquentia. Et hoc ẽ quod dicit

1064 967 676 64 scribendi arte .i. artificiosa eloqñcia rudem

1062 1008 686 70 uetustatem .i. ueteres in scribendo rudes sr̃aturos

1060 1050 677 72 credũt. Quia inqͣm tam uulgata ẽ res romani

1056 1105 688 55 populi nescio utrũ utile sit ꝙ ego scribam

1060 1143 703 70 Deinde cum d ͭ utcũqz erit. dat causã quare hoc

1056 1190 686 58 non obstante uoluit scribere dicens. utcũqz erit.i.

1054 1233 696 61 quocũqz sit de hoc quod dici. iuuabit tñ .i. utile erit

1058 1275 690 66 me ip̃m. pro uirili parte .i. proportiõe et parte mͥ

1054 1320 694 63 debita. Uirilis pars dr̃ porcio hereditatis diuise que

1052 1364 690 58 contingit illum inter quos diuidr̃ hereditas. uñ

1050 1403 696 72 loquitur ad similitudĩem eorũ inter quos diuidr̃

1047 1451 692 60 hereditas. Quorũ quiłt t. secũdũ ꝓporciõem sue

1049 1496 699 66 partis supportare onus heditatis diuise in redditu

1049 1538 693 60 uel in seruicio aliqͦ faci ᵈͦ dicit gͦ utile ẽ tñ me

1049 1583 684 66 ip̃m pro uirili parte .i. ꝓporciõe mea cõsuluisse

1049 1626 691 65 mẽorie .i. prouidisse et iuuisse ut maneat apud

1047 1666 693 70 me uel posteros memoria reru gestarũ pͥncipis

1043 1709 694 70 terrarũ populi .i. ut hẽatur mẽoria que res ge

1041 1759 696 69 ste fuerint. et sub quo principe et in quibz terris.

1041 1810 684 52 et que fuerit condicio uel quis status romani

1043 1853 694 62 ppłi. ¶ Deinde cũ dicit. Et si ĩsoluit obͨtionem

1043 1898 692 55 Posset enĩ sͥ dici ꝙ inter nobiles scriptores opus

1041 1938 686 66 suũ reputabitur ꝓ nichilo. Redet. Quod et si .i.

1041 1985 684 59 ꝙͣuis in młtitudĩe scriptorũ non hẽat claram

1037 2027 700 70 famam sz lateat. In obscuro tñ consolet .i. conso

1041 2072 669 61 labor. Nobilitate et mag ͤ  .i. ꝙ nobiles sũt et

1039 2119 686 65 magni. non uiles et ignobiles qui officient .i.

1035 2163 692 60 nocebũt nomini meo .i. fame mee. ¶ Deinde

1035 2206 690 61 cũ d ͭ res est. redd ͭ auctorem docilem oñdendo de

1035 2250 688 64 quibz ẽ scripturus. Et primo docet de quibus

1032 2293 695 65 uult scribere.Scdõ que uult ommittere ibi

1033 2344 700 63 que ante conditam. Circa primũ tria facit

1033 2390 700 58 quia pͦ oñd ͭ ꝙ laboriosum ẽ scribere de hiis de

1035 2433 670 62 quibz intend ͭ dicens. Res ẽ prͣea et immensi

1033 2477 694 60 oꝑis .i. non solũ ẽ res plena inuidie ut iã dici

1032 2522 697 64 et hoc forte dicit pp̃ salustuun cuiꝰ erat emulus

1030 2558 703 68 ut pz ex .ix. li ͦ declam sen ͨ ͤ sz minuensi oꝑis

1028 2611 705 68 i. laboꝵ ut repetatur. s. res q̃ supͣ septigentesi.ͫ

510 1218 360 65 itum liuium uirum eloquen

508 1267 357 59 tissimum fuisse. beatus lero

512 1315 355 56 nimus in epistola ad pauli

510 1352 357 59 num testatur de eo sic scͥbens

512 1396 361 58 Ad titum liuium latteo elo

510 1443 355 57 quentie fonte manantem

506 1483 367 60 de ultimis hyspanie galliarũ

196 1526 665 55 qz finibz quosdam uenisse nobiles legimus. et quos ad

196 1562 677 68 contemplatiõem sui roma non traxerat unius homĩs

194 1600 681 72 fama perduxit. Quem et seneca in ultimi declamatio

194 1649 669 70 num libri prologo commendat. dum asserit liuium

192 1694 669 74 magium eiusdem geneꝵ non in sui laudem sed in

189 1736 665 77 soceri declamatorem apud ppłm romanũ celebrem

181 1787 699 64 extitisse. ¶ Hunc titum libri huius qui ẽ de gestis

181 1832 692 68 romanorum. siue de rebz romanis auctorẽ designat

179 1874 688 70 titulus hic p̾scriptus. Distinxit autẽ hũc librum

179 1915 686 70 in duas partes. quarũ  pͣ dr̃ ab urbe condita ut ex

183 1963 675 66 titulo pz . secunda de bello punico utraqz uero pars

179 2008 677 68 in decem libros discendr̃. ¶Prime uero parti que

179 2048 675 83 ẽ de romana ab urbe condita p̾mittit prologũ

179 2093 669 72 in quo more prohemiali tria facit. Primo.

181 2136 675 78 reddit lectorem beniuolum hũilitatem suam

181 2187 662 68 inscribendo exprimens. 2ͦ reddit docilem de

179 2233 675 70 quibz uelit scribere et que omittere oñdens iͥ.

177 2273 675 71 res est preterea. Tertio reddit attentum uti

175 2316 681 76 litatem oꝑis sui indicans .iͥ. ad illam michi

185 2369 676 66 Circa primum tria facit. Quia pͥmo suam

173 2403 677 75 hũi ͭ ͤ ͫ oñdendo. Utrũ opus suũ sit utile uel

173 2448 673 74 nccͣm sub dubitatiõe ponit. 2ͦ dat cãm cur

172 2490 680 87 nichiloꝰ scribere uolu̾it iͥ utcũqz erit. Tertio

173 2543 688 70 obiectiõez quand̃ soluit ibi. Et si in. ¶ Circa

172 2590 680 72 primum duo facit. Qz primo ut ͫ sit aliqua

1795 1777 10 137 i
