2288 3354
206 350 713 65 regionem etruriam inħitant que est pars yta

206 393 700 67 lie sic dicta grece ꝙ eius fines tendunt adusqz

203 436 695 61 tiberis ripam. Diffisi rebz .s. gerendis. quia

206 480 679 65 victi erant. ad florentes opes etruscorum .i. ad

205 525 682 67 etruscos florentes opibz. quod dicit quia gens

201 572 688 61 habundans diuiciis erat et hominum mul

199 618 692 62 titudine. Cere ꝓpriuum nomen ciuitatis. est

199 665 696 57 que argilla dr̃. ab hac sacra deorum dicta st̃

201 708 662 63 cerimonie ꝙ urbe a gallis capta usqz cere

199 754 697 58 opidum sacra deportarentur et ibi cũ sum

197 795 699 63 ma ueneratione reciperent᷑ ut dicit ual.ꝰ li.ͦ i ͦ

197 842 688 67 Iam inde abnutio .s. quo troiani ceperunt in

193 886 689 68 hĩtare agros laurentes. minime letus .s. me

195 931 692 69 zentius origine .i. pp̃ originem. noue urbis .s.

190 980 701 59 lauini quam condidit eneas. et ratus .i. opi

192 1024 697 60 natus. tũ rem troianam crescere nimio plus

188 1071 671 61 ꝙͣ satis tutum esset accolis .i. in tantũ cre

184 1116 690 63 scere ꝙ non esset accolis tutum aut graua

186 1157 679 67 tum .i. paulatim in eorum grauamen cre

184 1194 677 73 scere. ¶ Eneas aduersus. Hic docet quõ.

184 1244 679 60 eneas utrũqz ppłm in utrũqz sui affectum

182 1285 683 69 uniuit. Et primo hanc uniõem ponit. Scdõ

182 1328 657 62 quomodo bellum rutilis in quo ip̃e eneas

184 1371 679 63 mortuus ẽ intulit. oñt ibi. fretusqz. Hiis la

180 1417 688 68 tinos utramqz gentem appellauit. Non tãꝙͣ

180 1457 672 70 Utriqz genti hoc nomen de nouo imponens

180 1503 683 65 sz quod erat prius nomen aboriginum quia

180 1550 677 63 ab eo ꝙ laciũ incolebant latini uocati sunt

175 1595 658 59 Fecit cõe utriqz genti appellande troianos

182 1630 677 76 latinos sicut aborigenes pp̃ quod tanto affec

179 1675 656 70 tu colebant eneam ꝙ aborigenes troianis

179 1716 680 69 non cederent in minori cum affectu colerent

173 1760 681 75 ¶Fretusqz. Hic docet quõ eneas fretus tã

165 1801 675 77 to affectu populorum coalescenciũ nigri .i.

165 1854 683 68 crescentium magis in mutus affectu. ĩ dies

167 1893 700 65 .i. ꝯtinue de die in diem intulit bellũ rutulis

164 1930 712 78 et ꝙͣꝙͣ opibz ex siria .i. p̃p opes aduectas de siria

158 1978 697 73 tanta fama nominis sui .s. enee erat ut non

160 2032 684 67 solum terras sz mare eciam per totam ytalie

160 2075 692 69 longitudinem ab alpibz .i. montibz gallie. ad

149 2120 688 71 fretum siculum qd. Tam famosus erat in

156 2161 688 69 diuiciis et opibz de siria uͥ hũndant opes pre

154 2213 703 60 tiose ꝙ non solis hĩtantes terram loquerentur

156 2250 664 75 de eo sz eciam nauigantes. Cum menibz .i.

154 2295 703 73 deffencione murorum ciuitatis posset propul

152 2347 672 66 sare .i. procul pellere. bellum .s. rutilorũ. tñ

154 2390 688 73 eduxit copias .i. multitudinem pugnatoꝝ

154 2433 672 69 in aciem .s. ut a parte congrederetur. ¶ Et

152 2481 685 66 ꝙͣuis hec exposicio saluet lrãm exemplaris tñ

149 2519 677 80 puto ꝙ lrã sit falsa et uͥ habemꝰ ex siria dz

149 2565 699 79 esse eturia et tunc est lrã plana et sͥ consona

143 2608 707 127 sit ꝙͣꝙͣ. eturia .s. regio etruscorum uͥ regnauit

1075 361 696 63 mezencius tanta. ¶ Sedm̃ inde .i. in hoc bello fuit

1072 408 699 65 scdm̃ bellum latinis. primũ enĩ fuit in quo rutili

1074 450 703 60 uicti. sedm̃ uirgiliũ turnus occisus duello ab enea

1077 504 692 56 cui consonat eutropius lib. ͦ i. ͦ de hyͣ romanorũ

1074 538 676 73 et trogus pompeius non duello sz superiori bello

1072 586 682 68 dicit occisum. ut pz per iustinum in abrĩacione

1070 627 705 69 libri xlii eiusdem ꝙͣuis hic innuat ꝙ turnus in

1068 681 701 60 primo bello occisus non fuit qz cum etruscis suis

1079 722 685 66 uocauit mezentiũ in auxiliũ. Enea eciam hoc

1066 769 690 63 bellum. Ultimũ fuit mortalium operũ. Vtͫ tñ

1064 816 694 59 eneas in hoc bello occisus sit uel statim pꝰ bellũ

1062 858 688 60 mortuus non hic exprimit. uͥ tñ sepultus sit

1061 898 693 67 vel uͥ ymago sua pro deo colitur. oñdit dicens

1061 950 695 58 Situs ẽ super numichũ flumen. quiduis de

1061 995 699 65 deificatione enee. li ͦ xiiii. numichiũ ꝙͣcũqz eum

1059 1039 699 60 dici ius .i. humanum fas.qz .i. ius diuinum ẽ

1057 1084 693 63 i. ꝙͣcũqz eum debeamus app ͬ ͤ uel scdm̃ ius diͫ

1049 1131 722 54 iouem indigentem appellant .s. eneam dii indi-

1051 1168 705 59 gentes appellari solent qui ex hominibz facti sũt

1055 1213 703 63 dii. Quia cum homines fuerũt indiguerũt ꝙͣuis

1053 1257 686 64 quidã per antifrasim dicant deos indigentes

1051 1295 703 68 dictos quia nullius indigent. De ciuit̃ dei libro

1049 1343 722 61 xuiii c ͦ.xx. eneas ꝯ mirabiłr fortis esset. hercules

1047 1386 689 67 putatus est. Sz qm̃ quando mortuus ẽ non ꝯ

1046 1434 701 60 paruit deum sͥ fecerunt latini. Salustiꝰ li ͦ 3 c ͦ i ͦ

1047 1479 707 58 dicit ꝙ eneas tribz annis cum latino regnauit

1044 1524 714 57 socia potãte quĩgentis iugeribz ab eo acceptis. Quo

1044 1567 714 55 deffuncto sũmam biennio adeptus ap ᵈ numich ͫ

1042 1611 699 56 parere desiit anno ui ͦ prĩsqz indigentis nomẽ

1042 1652 692 62 ei datum. ¶ Nundum maturus hic docz quõ

1040 1699 703 58 ab enea. Romulus conditor urbis romane desc̃e

1040 1738 701 65 dit enu̾ando urĩter successores enee. Et primo agit

1038 1779 716 67 de filio ascanio. Scdõ de successoribz eius. Ibi filius

1036 1824 705 69 deinde romulus. Ibi. Si debebatur. de ascanio

1034 1876 713 63 duo facit. primo quõ paternũ regnũ optinuit

1034 1915 703 61 Scdõ quõ illud reliquit et nouam urbem condidit

1033 1958 699 65 ibi. is ascanius. primo ałr oñdit quõ ꝑ lauinaz

1033 1997 689 75 uxorem enee ascanio seruatum ẽ regnũ. Scdõ

1031 2044 705 72 dubitat de qua mr̃e eneas genuerit ascanium

1027 2094 686 67 Haut nichil puberem etatem. ħ est etas xiiii

1029 2140 707 60 annorum. Circa hoc enĩ tempus partes puden

1027 2178 703 67 de ducunt lanuginem. Tantisper .i. interim dũ

1025 2232 714 58 ascanius inmat᷑s ad regendũ. tutella muliebri

1025 2269 709 65 quia lauina m̃r uel nouerca interim tutebat᷑

1023 2319 701 67 imperium. Indoles .i. uirtus ꝓprie enĩ indoles dr̃

1019 2368 709 56 ymago quedam future uirtutis. regnũ auitũ

1021 2405 701 65 i.antiquum auctũ ab auo sicut paternum a

1019 2454 700 68 prẽ dr̃. puero .s. ascanio. stetit .i. permansit. ¶

1018 2502 708 60 Haut nichil dubitat de qua mr̃e eneas genue

1018 2547 697 59 rit ascanium. haut nichil ambigam .i. non

1018 2591 686 67 nichil dubitabo hiccine .i. qui maturus fuit

1016 2638 690 117 ad imperiũ fuit ascanius. an maior .i. senior
