4155 6117
418 596 1233 107 ordenance ou senat sestoyt a tot cetez

412 657 1270 148 copiez arrestez entour arnuin si escͥpt

412 744 1224 137 lors au senat en quel tumulte cele ꝓ

412 830 1285 158 ꝓuince estoyt et comẽt dedens coloniez

407 927 1285 117 romaynnez les queles estoyent escha-

402 1009 1310 127 peez a cele horrible tempeste de la guer-

407 1090 1285 153 re puniq̃. lune estoit prise et destruite

412 1177 1270 133 et lautre assegie par les enemis et co-

407 1264 1260 132 ment nauoit pas assez de hayde ou de

402 1355 1224 138 secours pour deliurer les colons la

407 1442 1234 133 bourans. au moyns se il ne uouloit

407 1513 1276 153 oppousier et ballier a ocire sinc mi-

402 1621 1260 132 le compaignons les quels seulemẽt

402 1712 1234 128 il auoit aueq̃z soy. a quarante mil

402 1804 1254 122 homez qui estoiet au siege. et que il

402 1886 1224 127 voulist par sa si grande desconfiture

402 1972 1239 138 irriter et enflamer les couragez des

397 2069 1239 117 enemis li quel estoyent ja enfle et

392 2140 1259 133 orgueilleus pour cause de la colonie

402 2242 1249 128 romaynne par eulz pͥse et destruyte.

372 2319 1274 122 ¶Certez letres reciteez ou senat len

377 2416 1264 127 ordena q̃ .c. aurelius le consul a loust

402 2487 1249 138 a cuy il auoit mande iornee destre a luy

397 2589 1249 112 en estrurie il mandast cõuenir a c̾tayn

387 2681 1280 112 iour a arrimine et q̃ luy mesmez se ce po-

397 2762 1234 118 uoyt estre au ꝓfit de la chose publique

392 2854 1264 117 alast cele part pour oppͥmer le tumul-

402 2946 1219 127 te galliq̃ et se ce estre ne pouoyt q̃ il es

402 3022 1249 128 creist a .q. minucius le p̾teur que qnͣt

402 3119 1203 123 les legions se p̾oyent venuez a luy de

402 3206 1224 117 extrarie que il tremeist ses sinc mile ꝯ

402 3292 1209 118 paignons pour garder estrurie entre

397 3369 1259 127 deus et q̃ il sen alast deliurer la colonie

397 3456 1239 127 de celi siege. et si ordena len aucemẽt

397 3547 1219 128 denuoyer legaz en affrique pour aler

407 3639 1234 128 denoncer aus cartageys comẽt hasdru

402 3736 1214 133 bal leur citayen li quels auoit este de

397 3823 1224 122 loust magon ou de lost astrubal estoit

397 3919 1208 123 demourez en gaule li quels contre les

397 4006 1203 117 aliancez fesoyt guerre aus romains

402 4088 1209 132 ⁊ q̃ les ous des gaulez et des liguriẽs

382 4154 1274 143 auoit il contre eulz esmeuz et q̃ se la pa-

387 4266 1218 122 is leur plaisoit il le reuocassẽt et le liu

392 4348 1239 112 rassent en la mayn des romaỹs pour

392 4429 1244 128 le punir come briseur de paiz et comã

392 4521 1213 117 deret en oustre auditz legaz q̃ il denon

387 4603 1254 137 cassent aus cartageys que il nauoient

382 4689 1234 133 pas rendu touz les transfugez et que

387 4771 1218 132 len disoit que grant partie deulz de

392 4863 1270 234 mouroyt a cartage les quels il deuoiet

1957 570 1229 118 querir et prendre et les rendre aus ro

1957 647 1239 127 mains par mi les ordenances de la pa

1952 744 1224 127 is et ce sont les mandemens q̃ len cõ

1952 810 1259 133 maudci fere aus cartageys. ¶Oustre

1952 912 1264 117 res mandemẽs comanda len aus legaz

1952 999 1213 127 q̃ il alasset au roy masinisse pour le

1947 1070 1280 148 cõioir et congratulier dont il nauoit

1942 1167 1249 132 pas seulement recouure le royaume

1942 1248 1269 128 son pere lauoit aincois acreu de la plꝰ

1942 1340 1239 117 flourissant ꝑtie du royaume siphace.

1937 1427 1325 137 et q̃ il li denõcasset q̃ li romayn auoy-

1937 1519 1254 117 ent pris guerre contre le roy ph̾e pour

1932 1605 1223 133 ce que il auoit aidie les cartageys et

1942 1702 1234 138 fet iniurez aus compaignõs romains

1937 1794 1218 117 et auci quar la ou la guerre estoit ar

1932 1875 1249 123 dant et aspre en ytalie auoit il ꝑforcie

1937 1972 1223 117 les romains tremetre en grece ous et

1932 2064 1274 117 nauirez et auci quar en tremetant a ha

1937 2151 1259 122 nibal secours et copiez auoit il estre cau

1932 2227 1269 138 se q̃ len auoit plus tart passe en affriq̃.

1942 2329 1208 122 et pour ce que il req̃isset a masinisse q̃

1937 2421 1310 117 acele guerre il enuoyast aydez de cheuau

1932 2502 1239 123 cheurs numidiens si balla len aus le

1927 2589 1223 122 gaz dons graus et richez pour portier

1932 2686 1300 122 au roy. et ce furet uaysseaus dor ⁊ dargẽt

1927 2767 1244 118 une cogue u̾meylle a palmez et une co

1927 2844 1259 132 te et un ceptre dinuyre. et une cogue p̾

1932 2946 1218 117 texte et dyapree et une celle curule et

1922 3012 1305 158 si comanda len aus legaz que il li p̾meis

1927 3134 1259 113 set de par le peuple romayn tout ce dont

1922 3211 1254 122 il aroit besoign a confermer ou a acrestͤ

1927 3303 1238 127 son royaume. et q̃ tout li seroyt done

1937 3384 1264 123 et otroye pour ses loyaus meritez. ¶ꝑ

1932 3486 1233 112 ceulz meismez iours uindret a rome li

1927 3558 1249 122 legat de uerũne le fil siphace qͥ de uers

1927 3649 1228 133 le senat sefforssoyẽt dexcusier lerreur

1927 3741 1244 143 et la iuuence de uerũne. et de regetier

1932 3843 1218 122 toute la coulpe en la fraude des carta

1927 3935 1269 117 geys. et req̃royet q̃ auci come masimissez

1922 4016 1264 133 estoyt deuenu fayz amis des romayns.

1927 4103 1228 127 leur pleust il fere semblable de verũne.

1916 4200 1229 112 sachans q̃ dofficez seruisez et courtois

1922 4281 1243 123 vers le peuple romain ne seroit il point

1922 4373 1238 112 uayncus ne de masimisse de auqͣn autͤ.

1922 4450 1223 122 et q̃ il leur pleust q̃ desorez mes il le

1916 4541 1224 118 uoulisset apelier leur ami et leur ꝯpai

1927 4633 1259 122 gnon. ¶Au legaz fut respoust q̃ sipha

1927 4715 1295 137 cez ses peres sans nule iuste cause sestoit

1932 4817 1218 112 tournez soubdeynement dauin et de

1932 4908 1228 179 compaignon en enemi. du peuple ro
