4236 6288
1001 550 1352 136 main. et q̃ luy meismez la ou la guer-

1011 655 1269 136 re plus forte assalloyt les romains

1006 749 1285 131 auoit a ce employe sa force et sa ienece.

1006 843 1264 126 et que pour ce li estoit il besoyns q̃ il

1011 932 1269 131 demandast paiz du peuple romayn

1017 1016 1258 121 auant q̃ il demairdast que il fust ape

1022 1105 1346 115 lez roys et compaignõs et amis des ro-

1027 1184 1284 131 mains pour ce quar loneur de celi nõ

1027 1283 1274 121 auoit le peuple romayn a coustume a

1027 1357 1237 125 dõner par les grans meritez des roys

1022 1451 1274 126 aus quelz il le donoyet si leur distret

1032 1540 1269 136 q̃ il tremetoyet leur legat en affrique

1032 1640 1274 125 aus q̃les le senat manderoyt q̃ il orde

1022 1723 1248 131 nasset loys sur la paiz de uerũne. et q̃

1032 1828 1248 126 sur ce le peuple romayn leur donoyt

1032 1917 1248 126 plein pouoir. mes se oustre ce le dit

1027 2001 1295 131 uerĩme uoloyt auqune chose empetrer

1032 2101 1248 141 adiouster ou muer il le uenist req̃rir

1032 2179 1285 147 de recheph au senat. ¶Li legat romaỹ

1032 2284 1269 142 a tout ces mandemẽs passeret en affri

1027 2378 1290 116 que et ces furet .c. t̾enciꝰ varro luc̾tius

1027 2468 1258 136 et .c. octauiꝰ si bailla len a chascun

1032 2562 1243 120 deulz une nef qnͥq̃reme et apres ce ci

1027 2640 1264 131 furet reciteez en senat les letrez du pre

1027 2751 1279 125 teur .q. iuniꝰ qui lors auoyt la ꝓuince

1032 2824 1306 131 de brucie ꝯtenans que la pecune qͥ estoit

1027 2923 1253 137 alocrez en tresors ꝓserpine auoyt par

1038 3007 1247 137 nuyt ceste emblee. et q̃ nule nouele nes

1027 3102 1269 146 toit qͥ ceste chose pouoit auoir fet de la q̃

1022 3201 1274 126 le chose fu le senat mout esmeu. et dist

1027 3290 1295 131 que sacrilege ne pouoyt cesser et que la

1027 3385 1300 131 coulpe et la peynne de plemeniꝰ qͥ estoit

1027 3468 1269 137 assez nouele ne les espeontoit point si

1022 3568 1274 115 comanda len au consul q̃ il escreist en

1011 3641 1280 131 brutie q̃ la uolente de senat estoit que

1022 3741 1305 147 len feist enq̃ste diligẽt de ceulz qͥ les tre

1022 3840 1284 137 sors auoyet eu. selonc la forme q̃ .m. põ

1022 3945 1263 131 poniꝰ le p̾teur auoyt fet par trois ans a

1022 4024 1284 126 uant et q̃ droit fust suploye. et q̃ selon

1006 4129 1337 120 lordenance des euesquez si besoyns estoit

1017 4212 1268 137 len feist piaclez et sacͥficez pour cure et

1017 4302 1305 125 pour cause de purgier et espier la uiola

1017 4391 1315 110 tion de celuy temple. ¶Par celi mesmez

1017 4480 1268 120 temps. furent denõce pluseur ꝓdige ⁊

1017 4569 1300 126 en diuers lieus. quar en lucanie disoit

1022 4658 1289 126 on q̃ le ciel estoit ars. et q̃ ap̾uerne a cler

1011 4747 1300 131 iour le souleyl estoit deuenu tot rouge.

1017 4841 1289 121 et que en lanuie. en temple de iunon

1017 4925 1284 142 la sospite len auoit oy. par nuit a grãt

1011 5019 1274 210 tumulte et grant trepeys. et oustre

2589 586 1306 116 cetez chosez denoncoyt on que en moy

2595 675 1347 111 tes lieus estoyent neez de diuersez bes-

2600 754 1289 126 tez monstrueuses porteurez quar len

2595 848 1289 121 disoit que a sabine estoit nez uns en

2600 943 1289 110 fes dune feme du quel leu ne sauoit

2605 1027 1316 120 se il estoit maslez ou femels. et astrus

2595 1126 1284 100 mione fut auci trouez par celi temps

2600 1205 1279 125 uns enfez de doubteus sexe qͥ ia estoyt

2605 1289 1290 115 de age de sexe ans. a siunesse estoit ne

2600 1378 1295 125 un pourcel qui auoyt teste humayne

2605 1467 1290 125 en lucanie en un le champ publique

2600 1561 1269 131 estoit nez uns petis cheuaus. qͥ auoyt

2600 1650 1284 126 sinc piez si furet toutez cetez choses re

2605 1750 1279 125 puteez pour hordez et pour horriblez en

2610 1839 1269 131 tant come nature erroyt ens faons es

2605 1938 1269 110 trangez et sur toutez choses ot on ab

2605 2006 1305 142 homination des demis mallez si ꝯmã

2605 2111 1258 121 da len q̃ tantost il fusset deporte en la

2610 2185 1295 131 mier si come auoit este fait nauoit mie

2610 2284 1274 121 forment dun enffant de semblable

2605 2368 1274 141 ꝓdige. ou temps des consuls .c. clau

2610 2457 1285 136 diui et .m. liuiꝰ et noyẽt comanda lẽ

2610 2546 1306 131 aus diz homez a ce establiz q̃ il regnrdas-

2610 2651 1300 126 set les sibilins sur la signification et ex

2605 2740 1321 142 piation de celi monstre li quel coman-

2610 2829 1259 131 deret que pour cause de ce len feist cho

2600 2918 1331 131 ses diuinez et les sollempnitez qͥ auoyet

2610 3018 1285 126 este fetez qnͣt a lautre fois semblables

2610 3117 1264 121 cas estoyt auenus. mes oustre ce comã

2610 3206 1248 121 deret il q̃ femez uirgez par trois fois

2610 3285 1243 136 neuf alasset par la cite chantãt un

2616 3369 1263 136 dictie.et que len portast auqun don

2610 3468 1290 121 a iunon la royne. ¶Cetez choses fit au

2610 3557 1279 131 relius le consul curteusement aꝯplir

2616 3652 1263 131 selonc le respons des dis homez et si

2605 3746 1264 136 fut fet et ordene le duc que les uirges

2616 3835 1237 131 chanteret par .p. liciniꝰ tegula. si come

2610 3930 1253 125 au temps de lautre semblable ꝓdige

2626 4003 1279 157 il auoit este dictiez et ordenez par liuis

2605 4118 430 121 le desus dit.

2783 4186 1091 157 Come les religions eussent este

2794 4291 1106 121 par touz lieus celebreez. quar au

2605 4364 1316 137 ci a locrez minuciꝰ auoit enquis ⁊ trou-

2610 4474 1279 121 ue les maufetours et fet tant q̃ de leur

2605 4564 1258 120 biens. la pecune emblee auoyt este re

2600 4642 1284 126 stituee en tresors de la deesse ꝓserpine.

2600 4721 1305 131 li consul sen uoulisset aleren leur guer

2605 4826 1264 131 res et en leur ꝓuinces il auint q̃ ceulz

2610 4899 1290 141 qui aus consuls .m. valerius et .m. clau

2589 5004 1280 215 duis auoyent preste leur pecune de la

466 4794 378 173 .ꝓdigium.
