4164 6117
418 591 1265 117 quele la tierce pension leur deuoit estre

403 662 1286 128 lors rendue. uindret aus senat demã-

408 749 1219 132 dans leur pecune pour ce que li ꝯsul

408 841 1235 127 leur auoyent denoye a fere payement

408 927 1224 133 en soy escusant quar come la guerre

418 1024 1230 138 macedoniq̃ requeist grans ous et gnͣs

408 1090 1260 153 uauirez il nauoit pas en tresor publiq̃

413 1187 1225 143 tant de pecune q̃ a ce ne fust bien neces

408 1274 1235 127 saire. et que a present ni auoyt il de

408 1366 1240 122 quoy len les peust payer. mes li senaz

408 1452 1235 128 ne pot souffrir leur q̃rimoniez et dis

408 1549 1260 133 tret q̃ li prine demandoyet reson et q̃ ce

408 1641 1240 117 ne seroit riens que leur pecune qͥ auoit

408 1722 1240 133 iste p̾stee a cause de la guerre punique

408 1814 1260 112 fust differee a rendre pour les necessitez

408 1906 1240 117 de la guerre macedoniene. et q̃ ce ne s̾oit

408 1993 1235 117 autre chose mes q̃ come les guerrez nais

398 2064 1240 122 set les unez des autrez leur pecune cour

403 2156 1250 122 toysement prestee fust fete publiq̃ ⁊ te

408 2247 1214 123 nue et liee come chose cõmune. ¶Le se

403 2334 1219 112 nat donq̃z regardans q̃ li prine demã

408 2426 1219 112 doyet droyture et noyent moys q̃ il ni

418 2513 1220 117 auoit de quoy len leur peust bonemẽt

408 2604 1219 112 satifaire. esleut une uoye moyenne. en

413 2686 1235 117 tre les chosez egauls et ꝓfitables. quar

408 2778 1194 117 come la plus grant ꝑtie deus deist et

398 2854 1280 133 alegast q̃ il auoit a rome mout de cha-

408 2956 1204 112 mps qͥ uulgaument estoyent mis en

418 3038 1194 127 uente. et q̃ il en uouloiet achatier et q̃

413 3129 1255 118 pour ce auoyet il besoign de leur pecune.

413 3216 1225 122 len regarda que des champs publiquez

413 3303 1235 107 qui estoyent pres de rome dedens la sin

408 3384 1219 117 quanteynne pierre. len assigneroyt a

408 3466 1214 127 chascun pour tele partie come mõtoit

408 3552 1199 128 sa debte. et que li consul extimeroyet

408 3654 1230 107 les champs et a fin que les champs a

408 3731 1255 117 parusset estre les champs publiq̃z il i ad

408 3833 1224 112 ionsteroyet et imposeroyet a chascun

403 3909 1214 112 harpant un asse de rente chascun an ⁊

403 3981 1229 122 si i metroyet encorez tele condition q̃ si

403 4078 1224 112 auquns y auoit qui amast miex sa pec

392 4164 1220 117 cune que son champ qnͣt le peuple ro

403 4251 1245 132 mayn seroyt aysiez de payer en delessãt

403 4337 1199 128 le champ len li rendroit sa pecune. si

403 4419 1224 127 leur fut cete condition mult agreable

398 4501 1224 132 et si apela len ceulz champs tͥentabula

377 4597 1225 128 yns pour ce que il auoyet este ballie en

398 4679 1255 133 solution de la t̾ce ꝑtie de la peccune deue.

362 4755 1255 138 ¶Cestez chosez fetez. le consul suspiciꝰ

398 4863 1245 209 selon la teneur des ueuz ꝓnoncez ou capi

1939 555 1245 143 tole a tout ses licteurs paludiez et ador

1949 662 1270 133 nez de manteaus. se partit de la cite et sẽ

1944 754 1275 117 uint a brandis. et ileq̃s prist il les chl̾rs

1944 841 1265 117 uolunteriꝰ de loust daffriq̃ et les descrist

1944 937 1230 113 et ordena par legions. et en c̾teinnes

1939 1024 1265 122 nez esleuez en la flote cornelius passa il

1934 1111 1250 112 en maceedonie et si i arriua le secunt ior

1934 1197 1280 128 q̃ il partit de brandis. ¶La furet tãtost

1934 1289 1219 123 pres les legas des athenieus pͥans et

1939 1376 1219 117 souplians q̃ il les uoulist deliurer de

1934 1457 1224 128 celi siege si y tremist tontoust a tout

1923 1549 1245 117 cent et uint longuez nez et gnͣt plẽte

1928 1636 1251 122 de chl̾rs quar li roys en sa ꝑsone uasse

1928 1728 1286 117 goyt pas athenez ayncois estoit au siege

1934 1814 1291 117 dauant abidum. li quels auoit asseye

1939 1906 1245 117 infelicament et a son demage ses forcez

1928 1988 1261 122 en deus bataillez cestoit contre le roy at

1934 2079 1270 118 talus et contre les rodiens mes oustre

1923 2166 1291 132 sa nature fircie laliance q̃ il auoit aueq̃z

1923 2258 1235 122 anthioche roy de surie li dõuoyt harde

1928 2344 1235 123 ment et courage et aueq̃z ce les richecez

1934 2431 1224 122 de egypte deuisees aueq̃z luy. es quelez

1928 2528 1235 122 chascuns deulz estoit ententis et abay

1923 2615 1210 127 aus oye la mort du roy tholomeus.

1928 2686 1286 127 ¶Or estoit il aynci que li athenien auoit

1923 2778 1230 132 pris guerre au roy ph̾e et nõ mie par

1928 2869 1271 118 molt iuste cause. come il ne retenisset de

1928 2961 1266 122 leur ancienne fortune. fors q̃ les grans

1928 3048 1251 122 couragez si estoit il aynci auenu q̃ deus

1928 3140 1225 127 iuuenceaus acarnanien estoyent ue

1923 3231 1225 112 nu a athenez ou temps q̃ len y fesoit

1928 3313 1251 112 certeynnez sollempnitez si estoyent en

1923 3389 1251 123 tre par mi la tourbe des citayens dedẽs

1923 3486 1240 123 le temple de ceres la deesse. sans ferez of

1923 3573 1245 132 ferendez ou sacͥficez que req̃royet celez

1928 3665 1230 132 sollẽpnitez si les q̃uent ou a leur len

1928 3756 1235 123 gage la ou il deuandoyet des choses

1923 3838 1251 117 sotement. et furet amene aus p̾strez

1928 3930 1215 112 de la loy. et combien q̃ par erreur

1928 4006 1291 122 il fusset entrez en celuy temple noyẽt

1913 4098 1322 127 moys furet il ꝯdampne et liure a mort

1918 4185 1332 117 auci come par cͥme horrible et detestab-

1928 4271 1266 128 le. ¶Ceste choze fete tant hordement

1928 4368 1251 117 et tant euenuement reporta la gens

1928 4455 1246 112 des acarnanez de uers le roy ph̾e. et li

1928 4541 1246 128 requist que il leur baillast haydez de

1928 4633 1235 112 macedoniens et que il souffrist q̃ il

1928 4725 1220 107 aueq̃z ses haydes feisset guerre aus

1928 4812 1215 117 atheniens si fut le t̾re aitiq̃ ou ache

1918 4883 1271 224 mene pͥmerement par ceti oust pillee

102 4098 219 199 iugã.
