4236 6294
1002 592 1265 131 et gastee par fer et par feu. et plus̾ pͣyez

1007 671 1260 152 prisez et rauiez et porteez a acarnane.

1013 760 1265 136 et sen retorna lost si que cele p̾me̾ foyz

1018 839 1286 157 ne fut que une ardeur et inflãmatõn

1023 944 1223 136 de couragez mes puis apres par les

1023 1022 1291 158 decrez de lune et de lautre cite fayz def

1023 1122 1239 136 fiz ꝯuenables il se indeiret et si oret

1018 1206 1254 141 iuste et bataille ensemble. quar le

1023 1300 1291 152 roy attalus et li rodien qnͣt il oret par

1018 1379 1312 163 suy le roy ph̾e et il sen fust reculiez iuq̃z

1018 1484 1323 147 a macedonie uindret a la cite de egine.

1013 1578 1254 126 et dilequez sen passa li roys en piree

1007 1641 1349 168 pour renouelier et confermer son aliã-

1013 1767 1291 136 ce aueq̃z les atheniens. ¶Quant at

1018 1856 1254 131 talus encrera a cheuez toute la cite li

1018 1951 1281 120 ala a lencontre o femes et enffans ⁊

1018 2024 1302 157 les prestrez reuestus et aournez de leur

1028 2124 1276 136 noblez atours. et aynci li athenien au

1023 2213 1276 152 si come exticie et esmeu de leur siegez

1023 2302 1270 147 le receuret en la cite cadmꝰ. et tantost

1028 2391 1250 147 fit li peuplez apelez en contion a fin q̃

1028 2486 1297 146 li roys feist et deist dauant trestouz ce

1023 2570 1286 141 qui bon li sembleroit. si sembla au

1023 2653 1297 158 roy que pour son honeur il vaurroit

1023 2758 1270 147 miex q̃ meist par escͥpt ses demandez

1028 2853 1260 136 que q̃ len le̾ feist es sa p̾sence a fin q̃

1018 2947 1328 131 en recitant les benefices et courtoysi-

1023 3042 1302 141 es q̃ il auoit fet a cete cite et en oyant

1023 3141 1260 137 les m̾cis et les faueurs du peuple li

1028 3225 1260 131 roys uergogne. ¶En letres donq̃z qͥ

1028 3314 1313 137 de part le roy furet a la contion ẽuoyeez

1023 3398 1307 142 et ileq̃z reciteez estoyt fete cõmemoratiõ

1023 3493 1297 136 des benefices q̃ il auoit fet a leur cite.

1023 3577 1265 141 et empres de la guerre q̃ il auoit de

1023 3681 1281 137 mene contre le roy ph̾e. et ala par fin

1023 3771 1244 147 requeste et exhortation de prendre

1018 3860 1328 141 aueq̃z luy la guerre contre le roy. me-

1023 3949 1276 126 mement come il eusset a leur aliãce

1023 4033 1276 131 les rodiens et les romayns aueques

1018 4122 1286 142 en leur ꝓtestant q̃ si lors il refusoyet

1007 4216 1370 142 son aliance pour noyent il la deman-

1018 4306 1333 131 deroiet autre fois si par aucũne occa-

1018 4395 1260 126 sion il leur cõuenoyt fere. ¶Apres

1018 4458 1286 173 ces letrez leuez furẽt oy li legat rodiẽ

1023 4568 1302 136 des quelz les benefices estoyent ẽcorez

1023 4668 1276 125 touz frois quar les longuez nes des

1023 4751 1260 142 atheniens prisez par les macedoniens

1023 4841 1302 131 auoyet este recouureez par les rodiens

1028 4930 1244 147 et rẽuoyeez aus atheniens et pour ce

1028 5003 1281 262 aar tres grant assentement la guerre

477 2181 294 263 Cadmi.

2572 587 1349 115 fut decrete et ordenee contre le roy ph̾e.

2561 671 1323 131 ¶Au roy fit on tres grant honeurs ⁊

2587 755 1328 131 aus rodiens grans et lors fit ou pͥmer

2603 865 1249 110 ement mention a athenez de une li

2598 944 1291 136 gnee que len apelast attaliene. aiousti

2603 1043 1302 121 er aus dis ligneez ancienez et si dona

2603 1132 1270 121 len une courone dor au peuple des ro

2603 1227 1291 120 diens en signe de vertu. et si doneret

2598 1311 1265 126 leur cite aus rodiens si come li rodien

2598 1395 1291 141 pͥmerement auoyent donne la leur

2598 1489 1275 131 aus atheniens. ¶ Apres cestez choses li

2593 1573 1286 136 roys attalus sen tourna a egine et si se

2598 1673 1281 126 recuyllit en son nauire et li rodien sen

2598 1762 1281 126 aleret aceye. a fin q̃ dileq̃z il sen passas

2598 1851 1275 126 sent a rodez par un les yslez si receuret

2598 1945 1291 116 en leur aliancez toutez celez illez samie

2603 2035 1281 136 parius et andrus et cinus les quelez

2598 2129 1254 115 estoyent occupeez de garnisons mace

2598 2213 1270 131 donienez. ¶Li legat attalus tremis

2598 2286 1338 131 en etholie atendu a retourner le tindret

2603 2391 1270 137 par aucun temps entour egine sans ri

2598 2475 1275 142 ens fere. mes toutez foys un pot il onq̃z

2603 2575 1270 120 les etholiens mouoir a armez pour ce

2603 2653 1339 132 que il auoyet ioye dont il auoyet que-

2603 2764 1260 120 cunqz paiz aueq̃z ph̾e. ¶Li rodien li q̃l

2608 2848 1255 131 se il eusset uoulu obuier a ph̾e. peusset

2608 2942 1265 131 auoir conquis le noble nom dauoir

2608 3031 1265 152 deliure grece se y porteret lentement ay

2608 3120 1265 142 ayucois norriret et parlongueret la

2608 3215 1265 141 guerre en tant come il souffriret que

2603 3304 1260 126 ph̾ez sen passest derrechet en eslepont

2603 3388 1270 131 ⁊ q̃ il occupast les cõuenablez lieus de

2608 3482 1255 131 grece mes ce firet li rodien quar la

2603 3561 1302 152 gloire de la gloire de la deliurance uou

2608 3661 1292 141 loyet il que fust atribuee aus romaỹs

2598 3744 1291 137 ¶Ph̾ez usa plus dassez de courage royal

2603 3839 1412 136 quar combien que il ueust peu ꝯstrey-

2614 3928 1249 142 tier a attalus et aus rodiens ses ene

2608 4022 1307 132 mis il noyent moỹs nõ espaontiez de la

2603 4106 1249 142 guerre romayns qui li estoit dauant

2603 4196 1323 146 tremist philocle un son p̾fect̾ a tout deus

2598 4295 1375 137 mil homez de pie et deus cens cheuau-

2608 4384 1323 116 cheurs pour courir et pillier les champs

2603 4468 1318 121 des atheniens. et si bailla a eraclide son

2608 4552 1271 142 nauire et lenuoya a moronee. et luy ꝑ

2603 4652 1276 126 t̾re atout deus cens cheuaucheurs et

2593 4730 1338 137 deus mile peons esleuz sen ala cele part

2614 4825 1275 136 et de pͥmere uenue il assallit maronee et

2608 4919 1302 137 a la par fin apres grans labeurs la prist

2561 5014 1312 194 il par la traison de gallimede. pͥfect de

3910 1463 232 467 .scd̾m ꝓͥpꝰ
