4197 6057
1373 575 278 136 Le prolo

1358 706 318 96 gue de ty

1393 741 394 137 tus liuiuũ;

1348 832 343 147 Tout auci

1358 948 349 106 come se ge

1353 1024 308 131 en ma ꝓ.

1358 1115 344 126 ppre ꝑsone

1353 1186 303 121 eusse este

1358 1266 313 132 pour ma

1348 1357 323 142 partie en

1343 1443 313 141 labeurs

1343 1544 328 131 en perils

439 1640 1263 121 dela guerre puniq̃. me plest il et ma

439 1726 1242 121 gree dont ge suis paruenus ala con

419 1812 1252 131 clusion et ala fin dicele. quar certez

419 1907 1272 117 combien que puis que iay ousie em-

348 1978 1338 131 prenore a escͥure touz les fayz du peu

439 2079 1212 116 ple romayn il ne seroyt pas chouse

429 2155 1217 121 bien cõuenable que ge me rendisse

424 2230 1237 137 las en fayz particuliers. noyẽt moỹs

429 2326 1237 127 quant il me souuinent que en recitãt

439 2412 1212 121 les fayz de sexante et troys ans qui

434 2493 1197 131 sont couru des le comencement de

439 2579 1192 136 la pͥmiere guerre puniq̃ iuq̃z a la fin

434 2670 1207 121 de la secunde. ie hay empli et occupe

439 2755 1192 142 autant de volumez come iauoye en

424 2846 1207 116 recitant les besongnez romaynez fe

434 2937 1217 126 tez par quatre cens et septente et .viii.

439 3023 1227 126 ans. cest des le temps que la cite fu

434 3114 1399 136 foudee iuq̃z au temps du consul appius

439 3210 1323 106 claudius li quelz porta pͥmiers les ar

439 3280 1227 122 mes romaynez contre les cartageys il

434 3361 1242 121 me semble droytement que ge a guise

434 3452 1232 116 de ceulz qui par la riue entret dedens

429 3533 1212 121 la mer de tant come ge plus uoys a

429 3619 1252 136 uant treuue ge plus grant parfõdeur

419 3704 1212 137 et la matiere plus large et spacieuse

424 3815 1202 122 et q̃ ceste euure crest et se multiplie

424 3896 1217 121 la quele ge cuidoye que se amenrist

429 3982 1212 141 en parfesant. ¶La uerite donq̃z fu q̃

434 4078 1207 116 apres la payz puniq̃. sourdit la guer

424 4138 1232 157 re macedoniene. et combien que cete

424 4234 1242 152 ne soyt point egal a lautre ni quant

419 4330 1272 142 a perils ne quant a la vertu dou duc

424 4416 1212 131 par qui ele fut demenee. toutez foyz

424 4497 1242 136 fu ele pres que plus noble pour cause

424 4578 1217 136 de la clarte des anciens roys qui ia

419 4663 1343 132 dis auoyent este en macedonie. et ⟦poͬ⟧

419 4754 1257 131 pour cause de la grandeur de leur em

414 4850 1348 121 pire par le quel il obtindret jadis par

2010 615 1232 91 armez la plus grant partie dayse et

2015 666 1217 131 aueq̃z ce grant partie deurope. ¶Or

2000 747 1242 141 estoit il aynci que li romayn avoyẽt

1994 858 1233 111 comencie guerre contre le roy phelip

1994 933 1253 121 pe ia auoit diz ans la quele il auoyẽt

1994 1024 1268 116 delessee auci come ia auoit troys ans

1979 1100 1258 116 passiez et que li echelien auoyent este

1974 1191 1228 126 cause de la guerre et de payz et q̃ li

1974 1277 1212 111 romayn qui lors estoyent uysens et

1974 1352 1233 137 uacant pour cause de la pays puniq̃

1974 1448 1243 126 estoyent indigne contre le roy phelip

1979 1539 1268 131 pe tant pour cause de la desloyal payz

1974 1640 1288 116 que il auoyt monstree en uers les etho

1974 1721 1278 121 liens et en uers les autrez compegnõs

1974 1812 1253 136 romayns qui estoyent en celez regiõs.

1979 1913 1212 116 come pour cause des haydez darmez

1979 1993 1228 116 dargent et domez les quelez il auoyt

1974 2084 1228 106 lautrer tremis en affrique a hanibal

1969 2160 1263 126 et aus penoys contre les romayns si

1959 2251 1389 106 que les prierez des atheniens des quels

1964 2331 1273 122 li dicz roys nauoyt gͣnment auoit

1964 2417 1207 121 gaste le pays et les constraint a eulz

1959 2503 1202 116 recuyllir et fuyr dedens leur cite les

1954 2569 1288 141 meuret et esueyllieret a renouelier guer

1964 2670 1258 131 re contre le duc phelippe. et auci quar

1964 2760 1238 117 en celi meisme temps uindret a rome

1959 2851 1237 111 li legat des rodiens et du roi atalus

1964 2927 1238 136 qui denonceret que li roys desus ditz

1964 3028 1238 121 sollicitoit et esmouuoyt leur citez a def

1959 3104 1263 126 fayllir des romayns. ¶A cetez legatiõs

1954 3200 1227 126 respondit on q̃ pour certain le senat a

1959 3285 1339 111 uoyt a cuer les negocez et la chouse

1954 3376 1323 106 dayse. si renuoya len la consultation

1954 3457 1283 121 de la guerre macedoniene tout entreme

1954 3543 1237 126 ment aus consuls qui lors estoyent en

1954 3624 1288 136 armez ou pays des gaulez boyens. mes

1954 3725 1293 131 entre deus tremist ou troys legaz sollẽp

1954 3826 1313 136 nels a ptolomeus le roy de egypte li q̃l

1959 3911 1248 132 furet le consul claudius nero. et marcꝰ

1964 4002 1232 121 emilius leprous leproconsul. et sẽpro

1964 4108 1217 116 nius tuditanus. a fin dannocier au

1959 4179 1248 121 roy que hanibal estoit uamcus aueq̃z

1954 4249 1237 137 les penoys et pour luy mercier dont

1959 4350 1232 122 en chousez doubteusez la ou li autre

1964 4446 1217 121 neys encorez li compegnon romayn.

1959 4532 1253 126 les auoyent guerpis il auoit parseue

1959 4623 1227 121 re en foy et en amour et auci pour le

1964 4709 1202 116 prier que se li romain coustraynt et

1964 4790 1222 131 par force par plus iniurez mouoyent

1964 4880 1253 137 guerre contre le poy phelippe. iluc li de
