4311 6270
977 616 1306 157 spleust ayncoys que il voulist tenir

992 731 1322 141 et gardier en u̾seulz son pͥimerayn

1008 825 1249 136 courage. ¶Auci come en celi mesme

1008 919 1254 141 temips come .p. elius eust oy dire que

1008 1008 1238 131 auant son auenement en gaule li

1008 1081 1285 136 boyen auoyent fet coursez par miles

998 1175 1290 126 champs descompeguõs romaỹs il

1018 1254 1328 141 pour cause de celi tumulte escripst soub

1024 1348 1249 125 deynement deus legions.aus q̃les

1013 1436 1249 141 il adiousta quatre cohortez de son

1018 1510 1275 162 oust et a toute ceste cõpegme tumul

1034 1619 1233 141 tuayre tremist le consul apius qui

1029 1713 1259 141 estoit p̾fetz des compegnons et li co

1034 1818 1259 125 manda que il passat par ombrie la

1034 1912 1296 125 quele li tribun apelet sappinie et q̃

1039 2006 1270 131 par ilec il ẽuaist les champs des gau

1045 2095 1248 130 lez et luy sen ala cele part meismez ꝑ

1039 2184 1302 120 les voyes ouuertez par les mõtegnez

1045 2272 1285 131 ¶Apuis sen entra en contreez des ene

1039 2351 1249 146 mis et tout pͥmierement il i fit plus̾

1045 2440 1290 141 coursez et pillez assez ꝓsperement ⁊ seu

1055 2523 1233 136 rement et puis sen ala a un chastel

1060 2617 1239 126 mole mutille le quel il auoit eslen

1050 2701 1301 125 come bien couenable pour cuyllir les

1050 2784 1311 131 froumens qͥ estoient meur. mes ainci

1060 2878 1291 131 q̃ il ne fit pas bien espier le pais ẽtour

1055 2957 1312 136 ne ne mist pas a lenuiron gardes ne

1060 3056 1291 131 stations couenablez les quelez arme

1060 3155 1249 136 ez deffendisset et gardasset les non

1065 3239 1307 136 armez ententis a sa besongne. et pour

1065 3333 1312 131 ce fust il c̾cumuenuz ⁊ sourpris aueq̃z

1076 3417 1259 135 ses frumenteurs desprouenement

1065 3490 1291 162 par lembusche des gaulez si q̃ pour

1065 3589 1265 141 cele chouse paeur et fuyte enuayt les

1060 3667 1307 152 romays neys encorez ceulz qui estoyẽt

1055 3777 1343 141 armez. siq̃ iuq̃z a sept mil homes espã-

1060 3866 1286 141 dus par les champs furet mort et

1050 3944 1322 157 tayllie entre les quels le ꝯsul apius

1055 4059 1306 136 fu ocis et les autrez par grant pay-

1065 4132 1281 173 eur sen fuyret aus tẽptez. et dileq̃z

1065 4242 1307 152 par lassentement des chl̾rs sans cer

1065 4341 1265 136 tayn duc sen aleret il par saulz et ꝑ

1071 4415 1301 146 rochez sans uoye a lautre consul. par

1076 4509 1285 136 nuit droit en boye. et lesserent grãt

1076 4587 1259 152 plente de leur chousez. le quel ꝯsul

1081 4681 1260 141 sans que il feist autre chouse memor

1081 4770 1249 141 able en cele ꝓuince sauue tant q̃ les

1081 4869 1374 126 contrees des boyens furet pilleez et q̃

1081 4948 1275 135 il fit aliancez aueq̃z les enganeez ligu

1102 5042 1254 162 rieus. sen retourna a rome. ¶La ou

2539 616 1280 136 il fust venuz a rome tout au pͥmier q̃ ul

2555 710 1270 141 ot senat touz le comenceret a prier q̃ il

2560 799 1249 141 ne uousist point metre en chapuys et

2560 898 1259 136 cõsultation anqͣire besoigne iuq̃z atãt

2565 977 1296 146 que len eust conseyllie ⁊ det̾mine du roy

2576 1076 1285 141 ph̾e ⁊ des q̃rimoinez des compangnons

2576 1170 1243 125 si fut cele besoigne tantoust mise en

2581 1248 1270 131 conseyl et si fut det̾mine et ordene par

2581 1327 1296 146 le senat.que celi q̃ le consul .p. elius orde

2581 1431 1254 131 neroyt prist le nauire qui estoyt en ci

2586 1520 1327 125 cilie et que le consul octauiꝰ le ramenast

2597 1598 1238 141 tantoust et que a tout celi len passast

2597 1698 1382 141 en macedonie. si fut tremis a ce .m. ual̾ius

2591 1776 1338 152 leuinꝰ ꝓcousul et p̾teur du peuple romaỹ.

2597 1886 1280 136 et li comanda len que il alast entour

2586 1969 1327 152 Imbone et preist du consul octauiꝰ qͣrã-

2602 2063 1254 147 te et deus nez. et sen passat en macedo

2617 2147 1255 141 nie. ¶Quant ual̾ius fu passez oustre

2612 2220 1280 162 .m. aurelius li legaz uint aluy q̃ lenfor

2617 2304 1349 156 ma coment li roys auoit conquis et pour

2617 2398 1255 146 chacie grans ous et grant nombre de

2623 2476 1269 162 nez et coment il auoit sierchie ou en

2617 2575 1291 157 ꝓpre ꝑsonne ut par legaz toutez les ci

2628 2675 1280 136 tez de t̾re ferme et oustre ce lez yslez de

2628 2769 1244 141 la mer afin de smouoir les homez a

2623 2837 1301 151 armez contre les romayns. et pour ce

2617 2946 1328 131 que plus grant puyssance estoit neces-

2628 3035 1264 136 saire aus romayns pour guerroyer a

2628 3124 1348 146 luy. afin que se phelippez les uoyoit doub

2638 3218 1254 141 teus et paoureus il ousast emprendre

2633 3296 1296 147 contre eux ce que li roy pirrus qͥ auoit

2638 3391 1270 135 moyns de force ousa coutre eulz ẽpren

2638 3474 1254 146 die. si sembla bon a lun et a lautre q̃

2644 3568 1228 141 aurelius escreist au senat toutez cetez

2644 3652 1233 141 besoignez. ¶A la fin de cest an come

2644 3735 1327 141 len eust fet mention de distͥbuer chãps

2644 3824 1248 146 et poss̾ions aus anciens cheual̾rs qui

2649 3903 1259 156 aueq̃z scipion le ꝓconsul et souz son cõ

2649 4012 1270 147 duyt et auspice auoyent este en affri

2644 4112 1248 146 que li pere decerneret que .m. iuniꝰ

2644 4195 1254 162 p̾teur de la cite establist dis homez

2644 4284 1353 152 se il lisembloyt bon qui les champs pub

2644 4373 1316 146 liq̃z ou apartenans a la chouse publiq̃

2644 4472 1343 136 du pais de samnie et de pulle. diuis

2638 4561 1312 136 sasset et distͥbuasset aus dicz chl̾rs si

2644 4629 1295 157 furet a ce cree; s̾uilius le ꝓcousul. qͣtre

2649 4728 1327 146 foiz. cecilius ⁊ metellus consul. marcꝰ

2654 4817 1312 162 s̾uilius et q̃ touz deus auoyet un sour

2644 4901 1306 146 non .l. et a hostilis. cathones. tullius

2649 4989 1264 204 le ꝓronconsul. titꝰ apuleiꝰ. marcus fulviꝰ
