4155 6102
406 569 1277 137 flaccus ꝑcounsul elius petꝰ.quintus fla

401 666 1287 127 miniꝰ. ¶Par ceulz mesmez iours eliꝰ

406 747 1262 122 le ꝓconsul tenant comicez ꝯsulayres

406 833 1231 122 consul furet cree .p. sulpiciꝰ galba et.

406 910 1241 117 .c. aureluis cotta. et apres ces furet

406 986 1262 137 cree p̾teur .q. minuciꝰ ruffus. libius

401 1072 1287 148 furiꝰ purpurio. q. fuluiꝰ gibo .c. sergiꝰ

406 1174 1231 127 planctus. et en celi an furet fet et ce

406 1255 1297 138 lebre mout sollẽpmeement li geu rou-

411 1342 1252 137 mayn apelie senice. par les edilez cur

411 1428 1221 128 ulez .l. ualeriꝰ flactus. et .t. quͥciꝰ flã

411 1520 1221 127 miniꝰ. et si dure̾t par deus iours et

411 1606 1226 122 en celi an aucement deuisa len par

406 1703 1246 127 souuereynne foy et gͣce au peuple

401 1789 1226 117 ronayn grant force de froument q̃

396 1861 1302 127 le ꝓconsul scipion auoit tremis daffͥ-

401 1957 1251 132 que. et aueq̃z ce distͥbueret il a chascũ

401 2059 1109 117 du peuple quatre den̾s darayn.

386 2115 1246 142 ¶Lors furet instaure et renouele li ieu

396 2217 1205 117 plebeyen par les edilez plebeiens il.

396 2303 1231 117 apuluns fullo. et .n. minuciꝰ ruffus.

391 2384 1236 133 le quel auoit este cree p̾teur de loffice

396 2471 1241 117 de dilite. et si fut fet auci le conui de

391 2557 1099 138 iouis pour cause des ditz ieus.

584 2649 1104 132 en lan saint cens qͣrante q̃ la ci-

574 2735 1022 138 te de rome auoyt este fondee

386 2832 1266 137 souz le consuls .p. sulpiciꝰ galba. et .c.

391 2934 1272 127 aurelius bataille fut mandee et indit

396 3030 1241 112 te au roy ph̾e par le peuple roumayn

396 3117 1251 111 dedens po de moys que la paiz auoit

386 3198 1200 107 este donnee aus cartageys si sachez

386 3274 1236 122 que le iour des idez de mars ou quel

381 3366 1271 122 en celi temps les magistraz comẽcoyet

381 3447 1215 122 tout pͥmierement le consul .p. sulpi

381 3534 1231 122 tius requist et le senat lotroya et orde

381 3625 1312 122 na que li consul nouel feisset et celebͣs-

381 3717 1266 127 set la chouse diuine et que il sacͥfiasset

386 3798 1215 127 aus dieux des gregneurs sacrificez.

381 3900 1205 112 et a ceulz dieux que il leur semble

371 3961 1256 142 royt en fesant par expecial tele pͥere.

366 4057 1276 122 que ce que le senat et le peuple rom-

371 4159 1230 107 ayn auoit en courage du regimen de

371 4240 1210 117 la chouse publique et de lindiction

371 4322 1205 132 daucunez guerrez nouelez peust biẽ

366 4398 1281 127 et felicement auenir au peuple rou-

376 4484 1241 143 mayn et a ses compaignons et aueq̃z

376 4576 1261 127 ce a tout le nom latin. et lors puys q̃

371 4652 1327 132 la chouse diuine et la p̾tations desus-

376 4749 1215 132 ditte fut paracheuee le senat comẽca

371 4820 1210 203 a auoyr ses conseyls sur lestat dela

1942 544 1231 167 chouse publiq̃ et des ꝓuincez. ¶Par

1952 676 1262 117 ceulz meismez iours les letres moult

1952 757 1257 127 couenables pour mouoir et pour irri

1952 844 1221 122 tier les couragez du peuple a armez

1947 930 1246 122 et a guerre furet aporteez les quelez

1952 1027 1231 122 tremetoyent .m. aurelius le legat et

1942 1108 1231 122 .m. ual̾iꝰ leuinꝰ le ꝓpreteur et aueq̃z ce

1942 1184 1236 122 la legation des atheniens uint la q̃le

1947 1266 1307 142 denoncoyt que li roys ph̾ez sapprochoit

1942 1352 1221 132 de leur contreez et que dedens bref

1942 1444 1246 127 temps non pas seulement leur chãp

1942 1545 1261 127 mẽs leur citez aueq̃z seroyet en sou pou

1937 1637 1226 112 oyr se des romayns il nauoyet auqͣn

1932 1718 1236 138 hayde. ¶Come donq̃z li consul de nõ

1927 1805 1231 127 casset que la chouse diuine estoyt de

1932 1891 1282 137 uement parfete. et que li dieu auoyẽt

1932 1983 1241 117 otroye leur dep̾ͥcation et dautre part

1927 2059 1251 147 li augur deisset que les extez et les sacͥ

1927 2156 1231 137 ficez des bestez estoyet alegrez et que

1932 2247 1221 137 elez senefioyet uutoyre et tͬymphe ⁊

1927 2323 1246 143 dilcitatiou de fins et de contreez. si

1912 2410 1312 137 furet apres ce ci leuez les letrez de ua-

1917 2501 1215 143 l̾ius et de aurelius. et li legat des a

1922 2598 1215 137 theniens oy. ¶Lors fut ordene par se

1922 2674 1215 138 nat ꝯsult. que len rendist gͣcez aus

1917 2761 1256 137 compaignons de ce q̃ combien q̃ il eus

1912 2857 1365 132 sent este longuement sollicite nauoy-

1912 2954 1266 137 ent il uoussu deffallir de leur foy neyz

1907 3040 1241 122 pour par paour ne par menacez desie

1912 3132 1236 122 ge ne de guerre. et que de leur treme

1912 3223 1251 128 tre hayde leur respondroit ou quant li

1912 3305 1241 127 consul auroyent sorti leur ꝓuincez si

1912 3386 1266 132 comanda len que celuy consul acui la

1886 3467 1312 138 ꝓuince demacedonie auendroit re-

1896 3564 1262 127 queist et portast de uers le peuple que

1896 3656 1246 127 len deffiast le roy ph̾e et que len li en

1912 3747 1215 117 deist guerre et batalle. ¶La ꝓuince

1896 3829 1267 127 de macedonie auint par sort a .p. sul

1902 3925 1294 132 picius. li quels fit supplicatõn et req̃-

1891 4012 1272 127 ste de uers le peuple q̃ il uoulisset ⁊ co-

1902 4103 1215 122 mandasset que au roy ph̾e et aus

1902 4184 1225 122 macedoniens pour cause des iniurez

1896 4266 1287 137 faitez aus ꝯpaignõs du peuple romãy

1896 4357 1236 127 guerre fust inditte. si auint la ꝓuince

1902 4444 1256 132 ditalie a aurelius lautre consul. apres

1896 4520 1272 148 les quels li preteur hont gete leur sors

1891 4622 1201 132 sur les negocez publiq̃z si auint la

1881 4713 1272 133 ꝓuince urbayne a .c. sergiꝰ planctus.

1886 4800 1287 132 et sicile auint a .q. fluuiꝰ gilo. brutie

1881 4876 1261 229 auint a.q. minucius. et gaule auĩt

50 4506 291 223 Scd̾m ꝓͥpꝰ.

3326 3157 279 260 .sortiri.
