4311 6270
987 611 1291 120 a libius furius purpurio. ¶La requeste

992 705 1234 125 de la guerre macedoniq̃ fut en p̾m̾s

998 799 1325 110 comitez auci come par toutez lez centu-

992 872 1312 120 riez mise en delay. et cestoit tant poͬ

998 961 1248 131 ce que touz estoyet las et debatuz de

998 1045 1254 125 la guerre q̃ tant auoyt este longue.

1003 1139 1243 135 si leur ennuyoit des perilz et des la

1003 1222 1275 131 beurs. si q̃ tout de leur uolante il recu

1003 1316 1243 126 loyet prendre nouele guerre. et auci.

1008 1400 1233 136 .q.bebius tͥbuns du plebe qͥ auoit co

1003 1494 1259 125 mencie lantiene riote de blasmer les

1013 1577 1296 157 peres disoyt q̃ il ne fesoyet mes q̃ semer

1013 1677 1218 151 guerrez afin que li plebez ue peust ja

1018 1776 1249 136 mes auoir une heure de repous. ¶Ce

1003 1844 1311 141 ste maniere de paller fut aus perez tͦp

1013 1954 1270 141 greue si que il ẽnileiurẽt de reprouchiez

1013 2048 1254 120 en senat le tͥbun du plebe. et si se pͥstret

1008 2121 1275 141 chascuns a exhortier et a mouoyr le cõ

1018 2220 1265 141 sul que il de nouel recomẽcast les comi

1008 2304 1301 141 cez pour la requeste de la dite guerre fere

1018 2398 1249 141 derechief et q̃ il chastiast durement

1013 2466 1338 156 la coardie et la parece du peuple enleur

1018 2570 1255 152 moustrant a quel demage et a quel

1018 2659 1265 146 honte la dilation de cele guerre leur

1024 2758 1254 141 pouoyt tournier si q̃ le consul iudist

1029 2826 1264 173 comitez en champ martien mes tout

1034 2941 1259 152 auant q̃ il comandast q̃ les cẽturiez a

1029 3030 1270 152 lasset en suffrage il apela le peuple a

1034 3124 1275 157 contion et si les apella tout en ceste mã

1045 3202 1280 162 iere. ¶O uouz dist il quirite il me sẽble

1039 3302 1265 156 pour certayn q̃ uous yestez ignorans ⁊

1039 3385 1286 147 non sachans se uous auez payz ou guer

1045 3479 1264 152 re. et semblet q̃ uous ueullez metre en

1050 3563 1280 157 conseyl et en deliberation la quele chose

1045 3657 1280 146 vous seroyt melleur ou q̃ uouz treportez

1055 3751 1254 152 vos legions en macedonie. ou que uoꝰ

1055 3835 1374 151 receuez uos enemis dedens ytalie. com-

1060 3929 1260 172 bien certez q̃ li roys ph̾ez qui par t̾re ⁊

1060 4018 1244 167 par mer machinet et emprent forte

1065 4096 1260 178 guerre et puyssance ne uouz souffrera

1065 4200 1260 157 mie longuement conseyllier mes certez

1065 4279 1244 167 uous auez assez exꝑimence et prouue

1071 4373 1249 151 eu la guerre puniq̃ prochẽynement

1086 4456 1207 168 passee. et ne leussez orez exꝓue par a

1081 4540 1244 167 uant si come certez uous auiez assez

1081 4613 1286 188 fet. quar nulz ne doubtet q̃ si nos eus

1092 4712 1228 183 sons prestement donne hayde a uos

1081 4801 1244 178 compaignons les sagoutins quant

1086 4901 1244 172 il la uouz pͥeret. si come auoyent fet

1092 4979 1264 282 uos perez iadis aus memertins. tou

2560 600 1291 136 te nostre guerre eust este tramportee en

2570 694 1317 126 expegne la quele chonse ne fut une ayn

2570 788 1270 105 coys receusmez hanibal en ytalie a tres

2570 856 1286 126 grant domage de nouz. et de cetuy me

2570 945 1275 115 ismez. ph̾e est il certayn. que la ou il ot

2576 1024 1285 125 este conderez a hanibal par legaz et par

2576 1112 1249 126 letrez il fust venuz en ytalie se noz ne

2581 1201 1233 141 leussons retenu en son pais en treme

2581 1285 1291 130 tant leuinꝰ en macedonie a tout c̾tin

2581 1379 1249 131 nauire qui tout de gre li ment et fit

2576 1463 1238 135 guerre. coment donq̃z peut il estre

2581 1551 1228 136 seigneur q̃ ce q̃ lors nouz feismez qnͣt

2581 1630 1254 167 noz auoyons hanibal en ytalie. noz

2581 1734 1254 141 doubtons orendroit a fere qnͣt uouz

2581 1828 1280 136 ueyncus les cartageys noz lauons hors

2586 1917 1265 157 gite; il ni ha donq̃z selon uous mes q̃

2581 2006 1280 157 noz souffrons q̃ li roỹs ph̾es asseyt nr̃e

2581 2084 1291 157 parece en assegant et expugnant athe

2581 2184 1264 151 nez si come hanibal en expugnant sa

2581 2262 1322 151 gunce. li quelz ph̾es nõ mie en sinc mois

2581 2356 1264 146 si come fit hanibal qnͣt il partit de sagõ

2586 2429 1286 157 ce mes en sinc iours qnͣt il partira et des

2586 2528 1338 152 encrera ses nez de corinte uendra et arri-

2597 2617 1254 147 uera en ytalie. et si vouz ditez q̃ ph̾es

2597 2706 1306 146 nest mie egals ne semblablez a hanibal

2597 2800 1243 152 ne li macedonien aus cartageys. aus

2602 2894 1238 152 moyns uoz requer ge que uouz compa

2602 2988 1259 152 rez ph̾e a roy pirrus quar certez il ha

2607 3093 1301 146 mou po de difference dome a home et de

2607 3176 1249 157 gent a gent. quar touz iours ha este le

2607 3265 1270 146 royaume de macedonie egal a epirus et

2607 3344 1312 156 encorez est quar en nom dieu ph̾es ha

2607 3427 1317 152 en son pooyr tout le pais des peloponẽs

2612 3521 1296 157 ses et ceulz meismez champ qui ne sont

2612 3620 1275 152 pas plus ennobli par la fame anciene

2617 3704 1307 157 q̃ par la mort du roy pirrus qui ilequez

2623 3793 1301 157 mouri. comparons donq̃z nos chousez

2623 3876 1275 168 acetez quar certez cest ueray q̃ combien

2628 3965 1285 162 q̃ ytalie fust lors en sa flour. et q̃ ses for

2617 4070 1322 136 cez fusset toutez enterez et que tant toꝰ

2633 4148 1270 162 come la guerre puis empres consumi

2633 4247 1244 147 fusset lors sains et saus. noyẽt moins

2633 4331 1244 136 qnͣt pirrus lassallit la fit il crolier et

2644 4404 1290 157 branlier si q̃ luy victeur a po que ne vint

2638 4503 1291 152 iuq̃z aus murs de rome. et si ne le fuy

2638 4598 1260 141 ret pas seulemnent li tarentin et toute

2644 4676 1295 146 cele frontiere dytalie que len apelet gͥece

2644 4770 1248 151 la grant la grant de la quele suyte ne

2644 4859 1243 146 me merueylle ge mie come il fusset

2633 4953 1259 157 dun nom et dune lengue mes certez

371 3135 548 141 Suffragium.id̾ ꝙ

391 3229 486 120 uotũ.l̾ uolũtas

397 3312 459 251 seu reqͥsitõ uoti
