4155 6147
404 594 1271 128 aueq̃s cez li brucien li lucayn li samnite

394 681 1317 133 deffaylliret de noz cudez uoz donq̃z seig-

399 768 1230 138 neur se ph̾es passet en ytalie q̃ cestes

399 850 1250 138 gens se tiegeiret en pays et q̃ il ꝑseu̾et

394 942 1245 128 en uostre foy. et mesmemẽt regardez se

394 1034 1240 123 il ꝑseueret aueq̃z uouz apres ceci en la

394 1116 1235 118 guerre puniq̃ certez nem. quar c̾teyne

399 1214 1230 122 ment ces peuplez ci ne uouz lesseront

399 1280 1271 138 point tant come il ne trouueront acuy

399 1383 1235 133 il puisset soy ralier et ioyndre. et c̾tez

399 1470 1194 128 se uouz eussiez este pareceus de passer

404 1557 1230 128 en affrique uouz eussez encorez aueq̃z

409 1644 1266 133 uouz en ytalie hanibal et les cartageys

404 1741 1245 113 enemis il cõment donq̃z et est le plus

399 1823 1235 138 seur que la guerre soyt en macedonie

399 1915 1225 134 plus que en ytalie. et que les citez et

404 2002 1261 118 champs des anemis soyẽt ars et broyz

404 2084 1255 128 et nõ mie li nr̃e. quar certez nos auõs

404 2177 1266 123 ia pluseurs foys esprouue q̃ nos armez

404 2269 1266 102 sont plus puissans et plus bounaureez

399 2346 1276 117 de hors q̃ a loustiel. ales donq̃z en suffra

394 2433 1230 107 ge li dieu uouz ueullet aydier. et comã

394 2504 1209 128 des et establissez ce q̃ li pere ont ordene.

409 2607 1245 113 quar pour uoyr le consul nest pas seu

404 2694 1225 113 lement aucteur de ceste sentence mes

394 2761 1306 158 aueq̃z ce li dieu nõ mortiel li quel a moy

404 2868 1199 118 sacͥfiant monstreret et signifieret q̃

409 2965 1204 113 en ceste guerre toutez chousez seront

404 3042 1271 133 alegrez et ꝓsperez et aueuront felicem̃t

409 3140 1184 117 a moy au senat. a uouz quiricez et a

404 3227 1245 117 uos compaignons et a tot le nom latin

404 3309 1250 117 et aueq̃z ce atouz uos ous a touz uos ua

399 3385 1245 118 urez. ¶La ou les centuriez se departi-

394 3473 1291 128 ret de ceste ouroyson elez sen aleret tout

404 3565 1286 133 droit au scructine pour fere leur suffra

399 3647 1214 123 ges si comanderet que la guerre fust

404 3739 1255 138 inditte et mandee si come requis estoit

399 3821 1240 138 ⁊ apres ce li consul dec̾neret suplicatõn

399 3913 1189 123 de trois iours par senat ꝯsul si furet li

404 3995 1209 123 dieu prie et obsecre enuiron des codoy

399 4082 1219 133 ers et des oreylliers q̃ la bataille q̃ li

399 4169 1209 128 peuplez auoit comande contre le roy

374 4256 1260 133 ph̾e peust bien et felicement auenir.

389 4349 1224 128 ¶Li consul oret conseil aueq̃z les pre

384 4425 1224 134 strez fecials se il estoit necessaire q̃ len

399 4507 1230 133 in deist et mandast la deffi et la guer

399 4594 1204 128 re ala ꝓpre ꝑsonne dou roy ph̾e. ou se

399 4681 1230 139 il suffiroyt q̃ le notiffiast au comence

399 4774 1204 143 uient deson regne. en la denoncant a

399 4861 1271 225 la pͥmiere garnison que len trouueroit

1936 583 1255 134 et li fecial respondiret que lune uoye

1941 691 1276 113 et lautre estoyt suffisance. si ottroya

1946 778 1230 123 le senat au consul que quant il li sẽ

1946 860 1261 128 bleroyt bon il tremeist un legat pour

1946 963 1245 112 indire la guerre au roy ph̾e. me que

1941 1050 1230 107 il ne fut mie du senat. ¶Apres ce tͣy

1941 1111 1276 133 ca len des ous desconsuls ⁊ des p̾teurs

1941 1203 1225 123 si comanda len q̃ li consul descreisset

1941 1301 1214 117 nouelez legions et q̃ il lessasset les

1941 1388 1199 128 ous anciens a sulpicius a cuy len

1936 1475 1250 133 auoit mande et decerne nouele guer

1931 1552 1276 138 re et de grant renomee. et si souffrit

1941 1659 1250 118 ou q̃ de loust que scipion le ꝓconsul

1936 1746 1240 128 auoit reporte daffriq̃ le consul peust

1931 1838 1286 123 prendre ceulz qui de uolunte uourroit

1931 1926 1209 123 aler aueq̃z lux mes que nul ancien

1941 2018 1245 123 chl̾r il ne peust mener contre sa uolẽte

1936 2105 1317 128 et si comanda len q̃ le consul assignast

1941 2197 1220 113 aus p̾teurs lelius furiꝰ pupurion.et.

1926 2269 1224 128 .q.minuciꝰ le roas sinc mile de ꝯpai

1926 2361 1204 113 gnons du nom latin atot les q̃les

1931 2448 1245 118 aỹdez luns deulz sen alast en bruccie

1921 2530 1250 118 et li autres en gaule. et si ordena len

1936 2617 1230 138 q̃.q.fuluius gilo.preist iuq̃z a sinc

1936 2714 1199 108 mile ch̾rs compaignõs et du nom

1931 2786 1214 123 latin de celi oust q̃ .p. elius le consul

1931 2894 1219 107 de lan dauant auoyten.mes toutez

1926 2981 1229 118 foys que il ne peust prendre mil an

1921 3058 1240 138 cien chl̾r et qui par maintez fois eust

1926 3150 1219 138 este a souls et a gagez et q̃ a tot celez

1926 3237 1260 138 copiez il alast en sicile pour la garder.

1921 3324 1224 133 et a marcus aurelius le falcon qui

1926 3406 1219 128 lan par auant auoit eu en garde chã

1931 3488 1204 143 paigne porroga len son empire par

1931 3575 1209 154 un an et li comanda len que il sen

1926 3672 1209 149 alast propreteur en sardegne et q̃ il

1926 3780 1245 118 preist des chl̾rs qui la estoyet iuq̃z a

1931 3867 1235 123 sinc mile du nom latin mes que ce

1931 3949 1271 123 ne fusset de ceulz qui par moyns ans

1931 4041 1240 118 auoyet receu gagez. et oustre ce com

1931 4123 1194 123 auda len aus consul q̃ il descreisset

1936 4210 1184 123 deus urbaynez legious a fin q̃ se le

1931 4287 1209 138 cas requeist len les peust tremetre

1926 4374 1270 133 eu diuers lieus pour ce q̃ lors il auoit

1926 4466 1204 128 eu ytalie mot diu̾ses gens qui en

1931 4559 1199 122 cores estoyent enfle dire pour cause

1926 4635 1235 134 de la societe penoyse que il auoyent

1921 4712 1250 149 ꝑdue. et si furet en celi an sis legiõs

1926 4820 1255 138 romaynnez en la chose pupliq̃ oustre

1916 4891 1275 282 les desus dc̃e. ¶En celi an tout droit
