4248 6291
1027 597 1259 157 qnͣt len fesoyt lapparayl de la guerre

1038 707 1264 126 uindret li legat du roy tholomee qui

1043 802 1269 120 denõceret que li athenien auoyet re

1033 891 1258 120 quis secours au roy ptolomeꝰ contre

1043 975 1259 141 le roy ph̾e. mes que toutes fois ꝯbiẽ

1038 1069 1301 126 q̃ il fusset comun ꝯpaignon si nestoit

1043 1158 1290 131 pas lentention du roy leur seigneur

1043 1247 1275 121 dauoir tremis en grece oust et nauire

1043 1331 1243 131 pour aydier ou pour greuer aucun

1048 1431 1259 126 se ce nestoyt de la uolente du peuple

1059 1515 1238 136 roinain et de lauctorite. ayncois q̃

1059 1609 1232 126 il repouseroyt en son royaume se il

1054 1698 1264 131 plesoyt au peuple romain. deffendre

1054 1787 1222 126 les compaignons. ou q̃ li romayn

1059 1876 1211 137 se repousasset se il amoyet miex q̃

1064 1965 1238 137 li roys les deffendist et que en celuy

1054 2065 1216 131 cas il ẽuoyeroit il si bon secours q̃

1059 2154 1243 121 leg̾ement il les pourroyet deffendre

1054 2243 1237 126 du roy ph̾e. ¶Le senat rendi graces

1059 2343 1238 115 au roy. et respondit q̃ le peuple rom

1048 2427 1238 115 ayn auoir en courage daidier et def

1048 2505 1228 137 fendre leur compaignons. mes q̃ ce

1043 2600 1307 115 il auoyent auqunez choses a fere qui

1054 2684 1258 131 fussent necessayre a leur guerre il le

1048 2778 1249 121 li feroyet bien a sauoir. et q̃ il ne

1059 2867 1222 126 doubtoyent point q̃ les richeces du

1059 2946 1232 147 roy ne fusset fermez et loyaus sb̾si

1059 3045 1217 142 des de leur chose publiq̃. si tremist

1054 3129 1243 152 on apres ce ci de par le senat grans

1048 3213 1264 157 dons aus legaz ce furet pour chascũ

1048 3318 1338 142 sinc mile et sinc cens deners darayn.

1232 3412 1080 142 Come donq̃s li consul eussent

1232 3501 1086 121 le delecc. et apparallasset les

1048 3580 1228 147 choses qui estoyent necessaires a la

1054 3690 1237 131 guerre la cite qui tout iours estoit re

1054 3779 1227 131 ligieuse et par expecial au comẽce

1059 3874 1211 131 ment des nouellez guerrez. ot tout

1054 3963 1237 136 pͥmierement suplications et obsecra

1054 4041 1237 153 tions entour touz les oreilliers et pu

1048 4136 1249 147 is a fin que nule chose qui autre fois

1048 4225 1222 142 eust este fete ne fust lessee comanda

1043 4304 1264 146 ele q̃ le consul acuy la ꝓuince de ma

1048 4398 1259 142 cedonie auendroit uouast a iouis les

1043 4503 1254 131 yeus et c̾tain don. bien est uoir que

1043 4587 1222 146 liciniꝰ li souuerains euesquez fut

1043 4660 1269 157 cause q̃ celi ueu fut un po delaye pour

1038 4760 1274 152 ce que il dist q̃ nul ueu ne se pouoyt

1038 4854 1285 142 fere de peccune nõ certainne. et que

1038 4938 1285 152 encorez cele pecune ne pouoyt point

1027 5022 1291 262 estre despendue en la gierte ayncois

2596 608 1311 136 q̃ len la deuoit tantost fait le ueu ꝯ

2590 702 1280 131 signer et metre en depous. et garder

2590 791 1311 142 q̃ ele ne fust mellee aueq̃z autre mo-

2590 875 1353 147 noye. la quele chose se len fesoit le ueu

2596 985 1300 110 ne seroit point fet bien ne deuemẽt.

2590 1058 1343 142 ¶Combien q̃ la matiere et laucteur

2601 1153 1279 120 dicele meust senat. noyent moyms

2606 1231 1295 132 comand̾et il au consul que ceste chose

2590 1321 1317 157 il reportast de uers le college des eues

2601 1431 1253 120 ques se len pouoyt fere deuement

2606 1515 1280 125 aucun ueu de peccune nõ certayne. si

2601 1598 1269 142 dec̾ueret tous les euesquez q̃ ueu se po

2590 1703 1332 131 uoit fere de nõ certayne peccune au-

2590 1787 1259 126 ci iuste et deu come autrement et

2590 1876 1285 131 lors le consul uoua les ieus et les dõs

2590 1960 1296 147 p̾cedent fabius le souuerayn euesq̃s

2590 2070 1269 126 tout par telez paroles couie auant

2590 2159 1269 131 sinc ans les autrez ueuz auoyent a

2590 2249 1280 120 coustume a estre faiz sauue tant q̃ le

2596 2332 1274 116 consul uoua tant de peccune come le

2590 2411 1374 126 senat ordeneroit au temps de la soluci-

2590 2495 1317 121 ou si estoit aincy que touz les ieus pre

2590 2579 1275 131 cedens iuq̃z a celi iour auoyet este uo

2585 2668 1274 136 ue de peccune certainne. et ce furet

2585 2773 1311 141 li pͥmier qͥ furet uoue de nõ c̾taynne.

2590 2867 1317 131 ¶La donq̃z ou li courage de touz furet

2585 2956 1264 131 uire en la guerre macedoniene sou

2596 3045 1248 126 deynement ce dont le gardoit le ni

2590 3119 1327 141 moyns ce fut la renomee du tumulte

2590 3224 1264 131 des gaulez soruint et sespandit qrͣ

2590 3313 1285 131 li oust des insubriens senomens et

2590 3407 1296 131 li boyens ioyns a eux. les selins et les

2590 3481 1327 141 illuaitins et les autrez peuplez ligustĩs

2596 3580 1305 136 souz amilcar le duc penoys qͥ estoit

2596 3674 1253 132 apres hanibal demourez en celez ꝑ

2596 3758 1284 121 ties. assalliret et pristret plesence et

2596 3853 1258 120 la pilleret et si lardiret en grant ꝑ

2590 3921 1366 152 tie ꝑ lire que il auoyet en contre si q̃

2590 4026 1317 141 ainsonq̃z i demourra il deus mil homez

2590 4120 1259 142 qui eschaperet du feu et des ruinez

2590 4209 1296 142 li quel apres ce fait passeret le pol ⁊

2590 4304 1269 115 aleret assallir cremone mes toutez

2590 4382 1301 131 fois la desconfiture de lautre uoysine

2596 4477 1279 131 cite les auoit fayt sagez si q̃ il auoy

2590 4555 1401 126 ent ferme leur portez et mis garnis-

2585 4644 1343 142 sons et deffeusez par de sus leur murs.

2596 4739 1248 120 ¶Le p̾teur romayn liuiꝰ furiꝰ pur

2580 4838 1316 121 purio. li quels estoyt lors sur cele pro

2590 4922 1269 110 uince a tout sinc mil homez seule

2590 4996 1290 225 ment lessie tont son autre oust par
